
-- $Revision: 1.22 $    $Date: 2008/12/17 12:35:56 $

-- Predefined (standard) journal abbreviations:
acmcs    ACM Computing Surveys
acta     Acta Informatica
cacm     Commun. of the ACM
ibmjrd   IBM Journal of Research and Development
ibmsj    IBM Systems Journal
ieeese   IEEE Transactions on Softw. Eng.
ieeetc   IEEE Transactions on Computers
ieeetcad IEEE Transactions on Computer-Aided Design of Integrated Circuits
ipl      Information Processing Letters
jacm     Journal of the ACM
jcss     Journal of Computer and System Sciences
scp      Science of Computer Programming
sicomp   SIAM Journal on Computing
tocs     ACM Transactions on Computer Systems
tods     ACM Transactions on Database Systems
tog      ACM Transactions on Graphics
toms     ACM Transactions on Mathematical Software
toois    ACM Transactions on Office Information Systems
toplas   ACM Transactions on Programming Languages and Systems
tcs      Theoretical Computer Science

-- Non-standard abbreviations:
@STRING{Proc     = "Proceedings of the "}
@STRING{ACM      = "The Association for Computing Machinery"}
@STRING{ICSE     = "International Conference on Software Eng."}
@STRING{sen      = "ACM SIGSOFT Software Eng. Notes"}
@STRING{sigplan  = "ACM SIGPLAN Notices"}
@STRING{sigcse   = "ACM SIGCSE Bulletin"}
@STRING{jss      = "The Journal of Systems and Software"}
@STRING{spe      = "Software---Practice and Experience"}
@STRING{ieeesoft = "IEEE Software"}
@STRING{HICSS    = "Hawaii Int'l. Conference on System Sciences"}
@STRING{POPL     = "Annual ACM Symp. on Prin. of Programming Languages"}
@STRING{COMPSAC  = "Annual Int'l. Computer Software and Applications Conf. (COMPSAC)"}
@STRING{COMPASS  = "Annual Conf. on Computer Assurance (COMPASS)"}
@STRING{jsm      = "Journal of Software Maintenance: Research and Practice"}
@STRING{ieeep    = "IEEE Computer Society Press"}

-- Entry templates:
>ARTICLE{article,
>INPROCEEDINGS{inproceedings,
>PROCEEDINGS{proceedings,
>TECHREPORT{techreport,
>PHDTHESIS{phdthesis,
>MASTERSTHESIS{mastersthesis,
>BOOK{book,
>INBOOK{inbook,
>INCOLLECTION{incollection,
>MANUAL{manual,
>BOOKLET{booklet,
>UNPUBLISHED{unpublished,
>MISC{misc,

-- Allowable keywords (used in keyword field, pick best one to list first,
   list others afterwards, separated by comma and space):

      software maintenance
      mutation testing
      dataflow testing
      dataflow testing, interprocedural
      dataflow testing, incremental
      dataflow analysis
      dataflow analysis, interprocedural
      dataflow analysis, incremental
      dataflow anomalies
      integration testing
      regression testing
      module testing
      system test
      testing object-oriented software
      software testing (other)
      program slicing
      program verification
      program dependence graph
      symbolic execution
      program instrumentation

-- Standard field names:
    address author booktitle chapter edition editor howpublished
    institution journal key month note number organization pages
    publisher school series title type volume year


@inproceedings{anderson16,
author = {Anderson, Jeff and Salem, Saeed and Do, Hyunsook},
title = {Customized Regression Testing Using Telemetry Usage Patterns},
booktitle = {Proceedings of the 32nd IEEE International Conference on Software Maintenance and Evolution},
year = {2016},
location = {Raleigh, North Carolina}
} 

@book{jaccard2003interaction,
title={Interaction effects in multiple regression},
author={Jaccard, James and Turrisi, Robert},
number={72},
year={2003},
publisher={Sage}
}

@inproceedings{bryce2007test,
title={Test suite prioritization by interaction coverage},
author={Bryce, Ren{\'e}e C and Memon, Atif M},
booktitle={Workshop on Domain specific approaches to software test automation: in conjunction with the 6th ESEC/FSE joint meeting},
pages={1--7},
year={2007},
organization={ACM}
}

@inproceedings{brooks2007automated,
title={Automated GUI testing guided by usage profiles},
author={Brooks, Penelope A and Memon, Atif M},
booktitle={Proceedings of the twenty-second IEEE/ACM international conference on Automated software engineering},
pages={333--342},
year={2007},
--organization={ACM}
}

@inproceedings{mockus2009test,
title={Test coverage and post-verification defects: A multiple case study},
author={Mockus, Audris and Nagappan, Nachiappan and Dinh-Trong, Trung T},
booktitle={2009 3rd International Symposium on Empirical Software Engineering and Measurement},
pages={291--301},
year={2009},
organization={IEEE}
}

@article{avritzer1996reliability,
title={Reliability testing of rule-based systems},
author={Avritzer, Alberto and Ros, Johannes P and Weyuker, Elaine J},
journal={IEEE Software},
volume={13},
number={5},
pages={76},
year={1996},
publisher={IEEE Computer Society}
}

@article{durkee2010cloud,
title={Why cloud computing will never be free},
author={Durkee, Dave},
journal={Queue},
volume={8},
number={4},
pages={20},
year={2010},
publisher={ACM}
}

@article{hamburg2010path,
title={The path to personalized medicine},
author={Hamburg, Margaret A and Collins, Francis S},
journal={New England Journal of Medicine},
volume={363},
number={4},
pages={301--304},
year={2010},
publisher={Mass Medical Soc}
}

@article{clark1995fault,
title={Fault injection: A method for validating computer-system dependability},
author={Clark, Jeffrey A and Pradhan, Dhiraj K},
journal={Computer},
volume={28},
number={6},
pages={47--56},
year={1995},
--publisher={IEEE}
}

@article{elbaum2005profiling,
title={Profiling deployed software: Assessing strategies and testing opportunities},
author={Elbaum, Sebastian and Diep, Madeline},
journal={IEEE Transactions on Software Engineering},
volume={31},
number={4},
pages={312--327},
year={2005},
--publisher={IEEE}
}

 @article{mirarab2012size,
 title={Size-constrained regression test case selection using multicriteria optimization},
 author={Mirarab, Siavash and Akhlaghi, Soroush and Tahvildari, Ladan},
 journal={IEEE Transactions on Software Engineering},
 volume={38},
 number={4},
 pages={936--956},
 year={2012},
--publisher={IEEE}
 }    
 
 @inproceedings{wang2008approach,
 title={An approach to detecting duplicate bug reports using natural language and execution information},
 author={Wang, Xiaoyin and Zhang, Lu and Xie, Tao and Anvik, John and Sun, Jiasu},
 booktitle={International Conference on Software Engineering},
 pages={461--470},
 year={2008},
--organization={ACM}
 }
 
 
 @phdthesis{parsons2007automatic,
 title={Automatic detection of performance design and deployment antipatterns in component based enterprise systems},
 author={Parsons, Trevor},
 year={2007},
 school={Citeseer}
 }
 
 @inproceedings{jin2012bugredux,
 title={BugRedux: reproducing field failures for in-house debugging},
 author={Jin, Wei and Orso, Alessandro},
 booktitle={Proceedings of the 34th International Conference on Software Engineering},
 pages={474--484},
 year={2012},
 organization={IEEE Press}
 }
  
 @ARTICLE{catal13,
 author = {C. Catal and D. Mishra},
 title = {{Test case prioritization: A systematic mapping study}},
 journal ={{Software Quality Journal}},
 pages ={445-478},
 volume=21,
 year = 2013}
 }
 
 @inproceedings{beszedes2012code,
 title={Code coverage-based regression test selection and prioritization in WebKit},
 author={Besz{\'e}des, {\'A}rp{\'a}d and Gergely, Tam{\'a}s and Schrettner, Lajos and J{\'a}sz, Judit and Lang{\'o}, L{\'a}szl{\'o} and Gyim{\'o}thy, Tibor},
 booktitle={Software Maintenance (ICSM), 2012 28th IEEE International Conference on},
 pages={46--55},
 year={2012},
 organization={IEEE}
 }
 
@inproceedings{hao2012demand,
title={On-demand test suite reduction},
author={Hao, Dan and Zhang, Lu and Wu, Xingxia and Mei, Hong and Rothermel, Gregg},
booktitle={Proceedings of the 34th International Conference on Software Engineering},
pages={738--748},
year={2012},
--organization={IEEE Press}
}    


@inproceedings{amalfitano2010rich,
title={Rich internet application testing using execution trace data},
author={Amalfitano, Domenico and Fasolino, Anna Rita and Tramontana, Porfirio},
booktitle={Software Testing, Verification, and Validation Workshops},
pages={274--283},
year={2010},
--organization={IEEE}
}

@article{he2009learning,
title={Learning from imbalanced data},
author={He, Haibo and Garcia, Edwardo A},
journal={IEEE Transactions on Knowledge and Data Engineering},
volume={21},
number={9},
pages={1263--1284},
year={2009},
--publisher={IEEE}
}

@inproceedings{provost1997analysis,
  title={Analysis and Visualization of Classifier Performance: Comparison under Imprecise Class and Cost Distributions.},
  author={Provost, Foster J and Fawcett, Tom},
  booktitle={KDD},
  volume={97},
  pages={43--48},
  year={1997}
}

@inproceedings{zimmermann2009predicting,
  title={Predicting defects with program dependencies},
  author={Zimmermann, Thomas and Nagappan, Nachiappan},
--booktitle={Proceedings of the 3rd International Symposium on Empirical Software Engineering and Measurement},
  booktitle={ESEM},
  pages={435--438},
  year={2009},
  organization={IEEE Computer Society}
}

@inproceedings{podgurski2003automated,
  title={Automated support for classifying software failure reports},
  author={Podgurski, Andy and Leon, David and Francis, Patrick and Masri, Wes and Minch, Melinda and Sun, Jiayang and Wang, Bin},
--booktitle={Proceedings of the 25th International Conference on Software Engineering, 2003},
  booktitle={International Conference on Software Engineering},
  pages={465--475},
  year={2003},
  organization={IEEE}
}

@inproceedings{nagappan2007using,
  title={Using software dependencies and churn metrics to predict field failures: An empirical case study},
  author={Nagappan, Nachiappan and Ball, Thomas},
--booktitle={First International Symposium on Empirical Software Engineering and Measurement, 2007. ESEM 2007.},
  booktitle={ESEM},
  pages={364--373},
  year={2007},
  organization={IEEE}
}

@article{fenton1999critique,
  title={A critique of software defect prediction models},
  author={Fenton, Norman E and Neil, Martin},
  journal={IEEE Transactions on Software Engineering},
  volume={25},
  number={5},
  pages={675--689},
  year={1999},
  publisher={IEEE}
}

@incollection{mayo2013predicting,
  title={Predicting Regression Test Failures Using Genetic Algorithm-Selected Dynamic Performance Analysis Metrics},
  author={Mayo, Michael and Spacey, Simon},
  booktitle={Search Based Software Engineering},
  pages={158--171},
  year={2013},
  publisher={Springer}
}

@inproceedings{guo2011not,
  title={Not my bug! and other reasons for software bug report reassignments},
  author={Guo, Philip J and Zimmermann, Thomas and Nagappan, Nachiappan and Murphy, Brendan},
  booktitle={Proceedings of the ACM 2011 conference on Computer Supported Cooperative Work},
  pages={395--404},
  year={2011},
  organization={ACM}
}

@inproceedings{boiman2008defense,
  title={In defense of nearest-neighbor based image classification},
  author={Boiman, Oren and Shechtman, Eli and Irani, Michal},
  booktitle={IEEE Conference on Computer Vision and Pattern Recognition, 2008},
  pages={1--8},
  year={2008},
  organization={IEEE}
}

@inproceedings{czerwonka2011crane,
  title={Crane: Failure prediction, change analysis and test prioritization in practice--experiences from windows},
  author={Czerwonka, Jacek and Das, Rajiv and Nagappan, Nachiappan and Tarvo, Alex and Teterev, Alex},
  booktitle={2011 IEEE Fourth International Conference on Software Testing, Verification and Validation (ICST)},
  pages={357--366},
  year={2011},
  organization={IEEE}
}

@inproceedings{elbaum2001incorporating,
  title={Incorporating varying test costs and fault severities into test case prioritization},
  author={Elbaum, Sebastian and Malishevsky, Alexey and Rothermel, Gregg},
  booktitle={Proceedings of the 23rd International Conference on Software Engineering},
  pages={329--338},
  year={2001},
  organization={IEEE Computer Society}
}

@article{sandberg2001capturing,
  title={Capturing whole-genome characteristics in short sequences using a naive Bayesian classifier},
  author={Sandberg, Rickard and Winberg, G{\"o}sta 
  and Br{\"a}nden, Carl-Ivar and Kaske, Alexander and Ernberg, Ingemar and C{\"o}ster, Joakim},
  journal={Genome Research},
  volume={11},
  number={8},
  pages={1404--1409},
  year={2001},
  publisher={Cold Spring Harbor Lab}
}

@article{czerwonka2009,
  title={Finding Dependencies from Defect History},
  author={R. Das and Czerwonka, J. and Nagappan, N},
  journal={Proceedings of Industrial Track, International Symposium on Software Reliability Engineering},
  Year={2009}
}

@article{graves2000predicting,
  title={Predicting fault incidence using software change history},
  author={Graves, Todd L and Karr, Alan F and Marron, James S and Siy, Harvey},
  journal={IEEE Transactions on Software Engineering},
  volume={26},
  number={7},
  pages={653--661},
  year={2000},
  publisher={IEEE}
}

@article{monden2013assessing,
  title={Assessing the Cost Effectiveness of Fault Prediction in Acceptance Testing},
  author={Monden, Akito and Hayashi, Takuma and Shinoda, Shoji and Shirai, 
Kumiko and Yoshida, Junichi and Barker, Mike and Matsumoto, Ken-ichi},
  journal={IEEE Transactions on Software Engineering},
  volume={39},
  number={10},
  pages={1345--1357},
  year={2013},
  publisher={IEEE}
}

@inproceedings{ostrand2004bugs,
  title={Where the bugs are},
  author={Ostrand, Thomas J and Weyuker, Elaine J and Bell, Robert M},
  booktitle={ACM SIGSOFT Software Engineering Notes},
  volume={29},
  number={4},
  pages={86--96},
  year={2004},
  organization={ACM}
}

@article{dietterich1998approximate,
  title={Approximate statistical tests for comparing supervised classification learning algorithms},
  author={Dietterich, Thomas G},
  journal={Neural Computation},
  volume={10},
  number={7},
  pages={1895--1923},
  year={1998},
  publisher={MIT Press}
}

@inproceedings{bottou1994comparison,
  title={Comparison of classifier methods: A case study in handwritten digit recognition},
  author={Bottou, L{\'e}on and Cortes, Corinna and Denker, John S and Drucker, Harris and Guyon, Isabelle and Jackel, Lawrence D and LeCun, Yann and Muller, Urs A and Sackinger, Edward and Simard, Patrice},
  booktitle={International Conference on Pattern Recognition},
  pages={77--77},
  year={1994},
  organization={IEEE Computer Society Press}
}

@inproceedings{rish2001empirical,
  title={An empirical study of the naive Bayes classifier},
  author={Rish, Irina},
--booktitle={IJCAI 2001 Workshop on Empirical Methods in Artificial Intelligence},
  booktitle={IJCAI Workshop on Empirical Methods in AI},
  volume={3},
  number={22},
  pages={41--46},
  year={2001}
}

@inproceedings{schroter2006if,
  title={If your bug database could talk},
  author={Schr{\"o}ter, Adrian and Zimmermann, Thomas and Premraj, Rahul and Zeller, Andreas},
  booktitle={Proceedings of the 5th international symposium on empirical software engineering},
  volume={2},
  pages={18--20},
  year={2006}
}

@article{jain2009supervised,
  title={Supervised machine learning algorithms for protein structure classification},
  author={Jain, Pooja and Garibaldi, Jonathan M and Hirst, Jonathan D},
  journal={Computational Biology and Chemistry},
  volume={33},
  number={3},
  pages={216--223},
  year={2009},
  publisher={Elsevier}
}

@inproceedings{chaudhary2012machine,
  title={Machine learning techniques for Mobile Intelligent Systems: A study},
  author={Chaudhary, Archana and Kolhe, Savita and Kamal, Raj},
  booktitle={2012 Ninth International Conference on Wireless and Optical Communications Networks (WOCN)},
  pages={1--5},
  year={2012},
  organization={IEEE}
}

@inproceedings{kim2002history,
  title={A history-based test prioritization technique for regression testing in resource constrained environments},
  author={Kim, Jung-Min and Porter, Adam},
  booktitle={ICSE 2002. Proceedings of the 24rd International Conference on Software Engineering, 2002}, 
  pages={119--129},
  year={2002},
  organization={IEEE}
}

@inproceedings{elbaum2001understanding,
  title={Understanding and measuring the sources of variation in the prioritization of regression test suites},
  author={Elbaum, Sebastian and Gable, David and Rothermel, Gregg},
  booktitle={Software Metrics Symposium, 2001. METRICS 2001. Proceedings. Seventh International},
  pages={169--179},
  year={2001},
  organization={IEEE}
}

@inproceedings{arafeen2013test,
  title={Test Case Prioritization Using Requirements-Based Clustering},
  author={Arafeen, Md and Do, Hyunsook and others},
  booktitle={IEEE Sixth International Conference on Software Testing, Verification and Validation (ICST), 2013},
  pages={312--321},
  year={2013},
  organization={IEEE}
}

@BOOK{binder99,
author = {Binder, Robert V.},
title = {Testing Object-Oriented Systems},
publisher = {Addison Wesley},
address = {Upper Saddle River, NJ},
year = {1999},
}

@book{sieg.1988,
author="Siegel, Sidney and Castellan, Jr. N. John",
year="1988",
title="Nonparametric Statistics For the Behavioral Sciences",
edition="Second",
publisher="McGraw-Hill Inc.",
address="New York, NY"
}

@inproceedings{agrawal93sep,
author = {Agrawal,H. and Horgan, J. and Krauser, E. and London, S.},
title = {Incremental regression testing},
booktitle = {{Proceedings of the Conference on Software Maintenance}},
month = sep,
year = 1993,
pages = {348-357}
}

@inproceedings{agrawal94,
author = {Agrawal, R. and Srikant, R},
title = {Fast algorithms for mining association rules in large databases},
booktitle = {{Proceedings of the 20th International Conference on Very Large Data Bases}},
month = sep,
year = 1994,
pages = {487-499}
}

@inproceedings{nistor15,
author = {Nistor, Andrian and Chang, Po-Chun and Radoi, Cosmin and Lu, Shan},
title = {CARAMEL: Detecting and Fixing Performance Problems That Have Non-Intrusive Fixes},
booktitle = {Proceedings of the 37th IEEE International Conference on Software Engineering},
year = {2015},
location = {Florence, Italy}
}

@inproceedings{maplesden15,
author = {Maplesden, David and von Randow, Karl and Tempero, Ewan and Hosking, John and Grundy, John},
title = {Performance Analysis using Subsuming Methods: An Industrial Case Study},
booktitle = {Proceedings of the 37th IEEE International Conference on Software Engineering},
year = {2015},
location = {Florence, Italy}
}

@inproceedings{foo15,
 author = {Foo, King Chun and Jiang, Zhen Ming Jack and Adams, Bram and Hassan, Ahmed E and Zou, Ying and Flora, Parminder},
 title = {An Industrial Case Study on the Automated Detection of Performance Regressions in Heterogeneous Environments},
 booktitle = {Proceedings of the 37th IEEE International Conference on Software Engineering},
 year = {2015},
 location = {Florence, Italy}
}


@inproceedings{anderson14,
 author = {Anderson, Jeff and Salem, Saeed and Do, Hyunsook},
 title = {Improving the Effectiveness of Test Suite Through Mining Historical Data},
 booktitle = {Proceedings of the Working Conference on Mining Software Repositories},
--series = {MSR 2014},
 year = {2014},
 location = {Hyderabad, India},
 pages = {142--151},
 numpages = {10},
 acmid = {2597084},
--publisher = {ACM}
} 

@inproceedings{anderson15,
author = {Anderson, Jeff and Salem, Saeed and Do, Hyunsook},
title = {Striving for Failure: An Industrial Case Study About Test Failure Prediction},
booktitle = {Proceedings of the 37th IEEE International Conference on Software Engineering},
year = {2015},
location = {Florence, Italy}
} 

@INPROCEEDINGS{balcer89dec,
author = {Balcer, M. and Hasling, W. and Ostrand, T.},
title = {Automatic generation of test scripts from formal test specifications},
booktitle = {{Proc. 3rd Symp. Softw. Testing, Anal., and Verif.}},
pages = {210-218},
month = dec,
year = 1989
}

@INPROCEEDINGS{bassen85sep,
author = {Bassen, H. and Silverberg, J. and Houston, F. and Knight, W. and Christman, C. and Greberman, M.},
title = {{Computerized medical devices: Usage trends, problems, and safety technology}},
booktitle = {{Proceedings of the 7th Annual Conference of IEEE Engineering in Medicine and Biology Society}},
pages = {180-185}, 
month = sep,     
year = 1985 
}

@INPROCEEDINGS{kim02,
author = {J. Kim and A. Porter},
title = {{A history-based test prioritization technique for regression testing in resource constrained environments}},
booktitle = {{ICSE}},
pages = {119-129}, 
month = may,     
year = 2002 
}

@INPROCEEDINGS{jeffrey06,
author = {D. Jeffrey and N. Gupta},
title = {{Test case prioritization using relevant slices}},
booktitle = {{Int'l Comp. Softw. and Appl. Conf.}},
pages = {411-420}, 
month = sep,     
year = 2006 
}

@INPROCEEDINGS{bates93jan,
author = {Bates, S. and Horwitz, S.},
title = {{Incremental program testing using program dependence graphs}},
booktitle = {{Proceedings of the 20th ACM Symposium on 
Principles of Programming Languages}},
month = jan,
year = 1993
}

@BOOK{beizer95,
author = {Beizer, B.},
title = {Black-Box Testing},
publisher = {John Wiley and Sons},
address = {New York, NY},
year = {1995},
}

@BOOK{beizer90,
author = {Beizer, B.},
title = {Software Testing Techniques},
publisher = {Van Nostrand Reinhold},
address = {New York, NY},
year = {1990},
}

@INPROCEEDINGS{binkley92nov,
author = {Binkley, D.},
title = {{Using semantic differencing to reduce the cost of regression testing}},
booktitle = {{Proceedings of the Conference on Software Maintenance}},
pages = {41-50},
month = nov,
year = 1992
}

@INPROCEEDINGS{binkley95oct,
author = {Binkley, D.},
title = {{Reducing the cost of regression testing by semantics guided test case selection}},
booktitle = {{Proceedings of the Conference on Software Maintenance}},
month = oct,
year = 1995
}

@INPROCEEDINGS{benedusi88oct,
author = {Benedusi, P. and Cimitile, A. and De Carlini, U.},
title = {{Post-maintenance testing based on path change analysis}},
booktitle = {{Proceedings of the Conference on Software Maintenance}},
pages = {352-361},
month = oct,
year = 1988
}



@ARTICLE{brown90aug,
author = {Brown, P. A. and Hoffman, D.},
title = {{The application of module regression testing at TRIUMF.}},
journal = {{Nuclear Instruments and Methods in Physics Research}},
volume = {Section A, .A293},
number = {1-2},
month = aug,
year = 1990,
pages = {377-381}
}

@ARTICLE{chen96mar,
author = {Chen, T. Y. and Lau, M. F.},
title = {{Dividing strategies for the optimization of a test suite.}},
journal = {{Information Processing Letters}},
volume = {60},
number = {3},
month = mar,
year = 1996,
pages = {135-141}
}

@INPROCEEDINGS{chen94may,
author = {Chen, Y. F. and Rosenblum, D. S. and Vo, K. P.},
title = {{TestTube:  A system for selective regression testing}},
booktitle = {{Proceedings of the International Conference on Software 
Engineering}},
pages = {211-220},
month = may,
year = 1994
}

@BOOK{davis94,
author = {Davis, M. and Sigal, R. and Weyuker, E.},
title = {Computability, Complexity, and Languages},
publisher = {Academic Press, Inc.},
edition = {Second},
address = {Boston, MA},
year = {1994}
}

@INPROCEEDINGS{erdogmus99may,
author = {Erdogmus, H.},
title = {{Comparative evaluation of software development strategies 
based on net present value}},
booktitle = {{EDSER-1}},
pages = {},
month = may,
year = 1999
}

@INPROCEEDINGS{muller03may,
author = {Muller, M. and Padberg, F.},
title = {{About the return on investment of test-driven development}}, 
booktitle = {{Proceedings of the Workshop on Economics-Driven Software
Engineering Research}},
pages = {},
month = may,
year = 2003
}

@INPROCEEDINGS{muller03sep,
author = {Muller, M. and Padberg, F.},
title = {{On the economic evaluation of XP projects}}, 
booktitle = {{Proceedings of the European Conference on Software Engineering}},
pages = {},
month = sep,
year = 2003
}
@INPROCEEDINGS{solingen04may,
author = {Solingen, R.},
title = {{Measuring the ROI of software process improvement}}, 
booktitle = {{IEEE Software}},
pages = {32-38},
month = may,
year = 2004
}

@INPROCEEDINGS{bockle04may,
author = {Bockle, G. and Clements, P. and McGregor, J. and 
          Muthig, D. and Schmid, K.},
title = {{Calculating ROI of for software product lines}}, 
booktitle = {{IEEE Software}},
pages = {23-31},
month = may,
year = 2004
}

@ARTICLE{ferrante87jul,
author = {Ferrante, J. and Ottenstein, K.J. and Warren, J.D.},
title = {{The program dependence graph and its use in optimization}},
journal = toplas,
volume = 9,
number = 3,
month = jul,
year = 1987,
pages = {319-349}
}

@INPROCEEDINGS{fischer77nov,
author = {Fischer, K.F. },
title = {{A test case selection method for the validation of
software maintenance modifications.}},
booktitle = {{Proceedings of COMPSAC '77}},
pages = {421-426},
month = nov,
year = 1977
}

@INPROCEEDINGS{fischer81nov,
author = {Fischer, K.F. and Raji, F. and Chruscicki, A.},
title = {{A methodology for retesting modified software}},
booktitle = Proc # {Nat'l. Tele. Conference B-6-3},
pages = {1-6},
month = nov,
year = 1981
}

@article{frankl93aug,
author = {Frankl, P.G. and Weiss, S.N.},
title = {An experimental comparison of the effectiveness of branch testing and data flow testing},
journal = {{IEEE Transactions on Software Engineering}},
volume = 19,
number = 8,
pages = {774-787},
month = aug,
year = 1993
}

@BOOK{garey79,
author = {Garey, M.R. and Johnson, D.S.},
title = {Computers and Intractability},
publisher = {W.H. Freeman},
address = {New York},
year = {1979},
}

@INPROCEEDINGS{graves98apr,
author = {Graves, T. L. and Harrold, M. J. and Kim, J-M and Porter, A. and Rothermel, G.},
title = {{An empirical study of regression test selection techniques}},
booktitle = {{Proceedings of the International Conference on 
Software Engineering}},
month = apr,
year = 1998
}

@INPROCEEDINGS{gupta92nov,
author = {Gupta, R. and Harrold, M. J. and Soffa, M. L.},
title = {{An approach to regression testing using slicing}},
booktitle = {{Proceedings of the Conference on Software Maintenance}},
month = nov,
pages = {299-308},
year = 1992
}

@article{harrold93jul,
author = {M. J. Harrold and R. Gupta and M. L. Soffa},
title = {A methodology for controlling the size of a test suite},
JOURNAL = {ACM Transactions on Software Engineering and Methodology}, 
volume = 2,
number = 3,
pages = {270-285},
month = jul,
year = 1993
}

@INPROCEEDINGS{harrold95mar,
author = {Harrold, M. J. and Larsen, L. and Lloyd, J. and Nedved, D. and Page, M. and Rothermel, G. and Singh, M. and Smith, M.},
title = {{Aristotle: a system for the development of program-analysis-based tools}},
booktitle = {{Proceedings of the 33rd Annual Southeast Conference}},
month = mar,
pages = {110-119},
year = 1995,
}

@inproceedings{harrold88oct,
author = {Harrold, M. J. and Soffa, M. L.},
title = {An incremental approach to unit testing during maintenance},
booktitle = {{Proceedings of the Conference on Software Maintenance}},
month = oct,
year = 1988,
pages = {362-367}
}

@INPROCEEDINGS{harrold89may,
author = {Harrold, M. J. and Soffa, M. L.},
title = {{An incremental data flow testing tool}},
booktitle = {{Proceedings of the Sixth International Conference on Testing
Computer Software}},
month = may,
year = 1989
}

@INPROCEEDINGS{harrold89dec,
author = {Harrold, M. J. and Soffa, M. L.},
title = {{Interprocedural data flow testing}},
booktitle = {{Proc. 3rd Symp. Softw. Testing, Anal., and Verif.}},
pages = {158-167},
month = dec,
year = 1989
}

@ARTICLE{harrold91jun,
author = {Harrold, M. J. and Soffa, M. L.},
title = {{Efficient computation of interprocedural definition-use chains}},
journal = toplas,
volume = 16,
number = 2,
pages = {175-204},
month = mar,
year = 1994
}

@techreport{harrold97mar,
author = {Harrold, M. J. and Rothermel, G.},
title = {Aristotle: A System for Research on and Development of Program Analysis Based Tools},
institution = {Ohio State University},
number = {OSU-CISRC- 3/97-TR17},
month = {Mar},
year = 1997
}

@techreport{harrold97aug,
author = {Harrold, M. J. and Jones, J. A. and Lloyd J.},
title = {Design and Implementation of An Interprocedural Data-Flow Tester},
institution = {The Ohio State University},
month = {Aug},
year = 1997
}

@INPROCEEDINGS{hartmann90jan92,
author = {Hartmann, J. and Robson, D.J.},
title = {{RETEST - development of a selective revalidation
prototype environment for use in software maintenance}},
booktitle = {{Proceedings of the 23rd Hawaii International
Conference on System Sciences}},
month = jan,
year = 1990,
pages = {92-101},
}

@INPROCEEDINGS{hartmann89oct,
author = {Hartmann, J. and Robson, D.J.},
title = {{Revalidation during the software maintenance phase}},
booktitle = {{Proceedings of the Conference on Software Maintenance}},
month = oct,
year = 1989,
pages = {70-79},
}

@ARTICLE{hartmann90jan31,
author = {Hartmann, J. and Robson, D.J.},
title = {{Techniques for selective revalidation}},
journal = ieeesoft,
volume = {16},
number = {1},
month = jan,
year = 1990,
pages = {31-38},
}

@INPROCEEDINGS{hoffman89oct,
author = {Hoffman, D.},
title = {{A CASE study in module testing.}},
booktitle = {{Proceedings of the Conference on Software Maintenance}},
pages = {100-105},
month = oct,
year = 1989
}

@INPROCEEDINGS{hoffman89dec,
author = {Hoffman, D. and Brealey, C.},
title = {{Module test case generation}},
booktitle = {{Proceedings of the 3rd Workshop on Software Testing, Analysis, and Verification}},
pages = {97-102},
month = dec,
year = 1989
}

@INPROCEEDINGS{horgan92may,
author = {Horgan, J.R. and London, S.A.},
title = {{ATAC: A data flow coverage testing tool for C}},
booktitle = {{Proceedings of the Symp. on Assessment of Quality Software Dev. Tools}},
pages = {2-10},
month = may,
year = 1992
}

@BOOK{hsu96,
author = {Hsu, J.C.},
title = {Multiple Comparisons: Theory and Methods},
publisher = {Chapman \& Hall},
address = {London},
year = {1996},
}

@INPROCEEDINGS{hutchins94may,
author = {Hutchins, M. and Foster, H. and Goradia, T. and Ostrand, T.},
title = {{Experiments on the effectiveness of dataflow- and controlflow-based test adequacy criteria}},
booktitle = {{Proc. Int'l. Conf. Softw. Eng.}},
pages = {191-200},
month = may,
year = 1994
}

@INPROCEEDINGS{laski92nov,
author = {Laski, J. and Szermer, W.},
title = {{Identification of program modifications and its applications in
software maintenance}},
booktitle = {{Proc. Conf. Softw. Maint.}},
pages = {282-290},
month = nov,
year = 1992
}

@ARTICLE{lee90sep,
author = {Lee, J.A.N. and He, X.},
title = {{A Methodology for Test Selection}},
journal = {{The Journal of Systems and Software}},
volume = 13,
number = 1,
month = sep,
year = 1990,
pages = {177-185},
}

@INPROCEEDINGS{leung89oct,
author = {Leung, H. K. N. and White, L.},
title = {{Insights into regression testing}},
booktitle = {{Proceedings of the Conference on Software Maintenance}},
pages = {60-69},
month = oct,
year = 1989
}

@INPROCEEDINGS{leung90nov,
author = {Leung, H. K. N. and White, L.J.},
title = {{A study of integration testing and software regression at the
integration level}},
booktitle = {{Proceedings of the Conference on Software Maintenance}},
pages = {290-300},
month = nov,
year = 1990
}

@INPROCEEDINGS{leung91oct,
author = {Leung, H. K. N. and White, L.J.},
title = {{A cost model to compare regression test strategies}},
booktitle = {{Proceedings of the Conference on Software Maintenance}},
month = oct,
year = 1991
}

@ARTICLE{leung90dec,
author = {Leung, H. K. N. and White, L.},
title = {{Insights into testing and regression testing global variables}},
journal = {Journal of Software Maintenance},
volume = 2,
month = dec,
year = 1990,
pages = {209-222},
}

@INPROCEEDINGS{lewis89sep,
author = {Lewis, R. and Beck, D.W. and Hartmann, J.},
title = {{Assay - a tool to support regression testing.}},
booktitle = {{Proceedings of the 2nd European Software Engineering 
Conference}},
pages = {487-496},
month = sep,
year = 1989
}

@inproceedings{ostrand88sep,
author = {Ostrand, T.J. and Weyuker, E.J.},
title = {Using dataflow analysis for regression testing},
booktitle = {Sixth Annual Pacific Northwest Software Qual. Conference},
pages = {233-247},
month = sep,
year = 1988
}

@ARTICLE{ostrand88jun,
author = {Ostrand, T.J. and Balcer, M. J.},
title = {{The category-partition method for specifying and generating functional tests}},
journal = {{Comm. ACM}},
volume = 31,
number = 6,
month = jun,
year = 1988
}

@BOOK{pressman87,
author = {Pressman, R.},
title = {Software Eng.: A Practitioner's Approach},
publisher = {McGraw-Hill},
address = {New York, NY},
year = {1987},
}

@INPROCEEDINGS{rosenblum96oct,
author = {Rosenblum, D. and Weyuker, E. J.},
title = {Predicting the cost-effectiveness of regression testing strategies},
booktitle = {{ACM SIGSOFT '96 Fourth Symp. on the Foundations of Software Eng.}},
month = oct,
year = 1996
}

@article{bible01apr,
author = {Bible, J. and Rothermel, G. and Rosenblum, D.},
title = {Coarse- and fine-grained safe regression test selection},
JOURNAL = {ACM Transactions on Software Engineering Methodology}, 
volume = 10,
number = 2,
pages = {149-183},
year = 2001,
month = apr
}

@ARTICLE{rosenblum97apr,
author = {Rosenblum, D. and Weyuker, E. J.},
title = {Lessons learned from a regression testing case study},
journal = {{Empir. Software Eng. Journal}},
year = 1997,
volume = 2,
number = 2
}

@ARTICLE{rosenblum97mar,
author = {Rosenblum, D. and Weyuker, E. J.},
title = {{Using coverage information to predict the cost-effectiveness of
regression testing strategies}},
journal = {{IEEE Transactions on Software Engineering}},
month = mar,
year = 1997,
volume = 23,
number = 3,
pages = {146--156}
}

@PHDTHESIS{vokolosdis,
author = {Vokolos, F.I.},
title = {A regression test selection technique based on textual differencing},
school = {Polytechnic University},
type = {{Ph.D.} Dissertation},
month = jan,
year = 1998
}

@PHDTHESIS{rothermel96,
author = {Rothermel, G.},
title = {Efficient, effective regression testing using safe test selection techniques},
school = {Clemson University},
type = {{Ph.D.} Dissertation},
month = may,
year = 1996
}

@INPROCEEDINGS{rothermel94sep,
author = {Rothermel, G. and Harrold, M. J.},
title = {{Selecting regression tests for object-oriented software}},
booktitle = {{Proceedings of the Conference on Software Maintenance}},
month = sep,
year = 1994,
pages = {14-25}
}

@ARTICLE{rothermel97apr,
author = {Rothermel, G. and Harrold, M. J.},
title = {{A safe, efficient regression test selection technique}},
JOURNAL = {ACM Transactions on Software Engineering and Methodologies}, 
volume = 6,
number = 2,
month = apr,
year = 1997,
pages = {173--210},
}

@INPROCEEDINGS{rothermel94aug,
author = {Rothermel, G. and Harrold, M. J.},
title = {{Selecting tests and identifying test coverage requirements for
modified software}},
booktitle = {{Proceedings of the International Symposium on Software
Testing and Analysis}},
month = aug,
year = 1994
}

@ARTICLE{rothermel96aug,
author = {Rothermel, G. and Harrold, M. J.},
title = {{Analyzing regression test selection techniques}},
journal = {{IEEE Transactions on Software Engineering}},
month = aug,
year = 1996,
volume = 22,
number = 8,
pages = {529--551},
}

@inproceedings{harrold96jan,
author = {Harrold, M. J. and Rothermel, G.},
title = {{Separate computation of alias information for reuse}},
booktitle = {{Proceedings of the International Symposium 
on Software Testing and Analysis}},
month = jan,
year = 1996
}

@inproceedings{saff03nov,
author = {D. Saff and M. D. Ernst},
title = {Reducing wasted development time via continuous testing},
booktitle = {{Proceedings of the International Symposium
on Software Reliability Engineering}},
pages = {281-292},
month = nov,
year = 2003
}

@BOOK{schach90,
author = {Schach, S.},
title = {Software Eng.},
publisher = {Aksen Associates},
address = {Boston, MA},
year = {1992}
}

@INPROCEEDINGS{sherlund91,
author = {Sherlund, B. and Korel, B.},
title = {{Modification oriented software testing}},
booktitle = {Conference Proceedings: Qual. Week 1991},
pages = {1-17},
year = 1991
}

@INPROCEEDINGS{sherlund95,
author = {Sherlund, B. and Korel, B.},
title = {{Logical modification oriented software testing}},
booktitle = {Proceedings: Twelfth International Conference on Testing
Computer Software},
month = jun,
year = 1995
}

@BOOK{stallman90feb,
author = {Stallman, R.},
title = {Using and porting GNU CC},
publisher = {Free Software Foundation, Inc.},
address = {Cambridge, MA},
year = 1990
}

@article{weyuker82,
author = {Weyuker, E.J.},
title = {On testing non-testable programs},
journal = {The Computer Journal},
volume = {15},
number = {4},
pages = {465-470},
year = 1982
}

@article{weyuker79,
author = {Weyuker, E.J.},
title = {The applicability of program schema results to programs},
journal = {{International Journal of Computer and Information Science}},
volume = 8,
year = 1979,
pages = {387-403}
}

@MISC{weyukerissta,
author = {Weyuker, E.J.},
title = {Empir. techniques for assessing testing strategies,},
howpublished = {{(Panel discussion at the International Symp. on Software Testing and Analysis)}},
month = aug,
year = 1994
}

@INPROCEEDINGS{white93sep,
author = {White, L. and Narayanswamy, V. and Friedman, T. and Kirschenbaum, M. and Piwowarski, P.  and Oha, M.},
title = {{Test Manager: a regression testing tool}},
booktitle = {{Proc. Conf. Softw. Maint.}},
pages = {338-347},
month = sep,
year = 1993
}

@INPROCEEDINGS{white92nov,
author = {White, L.J. and Leung, H. K. N.},
title = {{A firewall concept for both control-flow and data-flow in regression
integration testing}},
booktitle = {{Proc. Conf. Softw. Maint.}},
pages = {262-270},
month = nov,
year = 1992
}

@inproceedings{wong94nov,
author = {W. E. Wong and J. R. Horgan and S. London and A. P. Mathur},
title = {Effect of test set size and block coverage on the fault detection effectiveness},
booktitle = {{Proc. Int'l. Symp. Softw. Rel. Engr.}},
pages = {230-238},
month = nov,
year = 1994,
}

@inproceedings{wong97nov,
author = {Wong, W. E. and Horgan, J. R. and London, S. and Agrawal, H.},
title = {A study of effective regression testing in practice},
booktitle = {{Proceedings of the International Symposium on 
Software Reliability Engineering}},
pages = {230-238},
month = nov,
year = 1997,
}

@inproceedings{wong95,
author = {W. E. Wong and J. R. Horgan and S. London and A. P. Mathur},
title = {Effect of test set minimization on fault detection effectiveness},
booktitle = {{17th International Conference on Software Eng.}},
pages = {41-50},
month = apr,
year = 1995,
}

@inproceedings{andrews04,
author = {Andrews, J. H. and Briand, L. C. and Labiche, Y.},
title = {{Is mutation an appropriate tool for testing experiments?}},
booktitle = {Int'l. Conf. Softw. Eng.},
month = may,
pages = {402-411},
year = {{2005}}
}

@TECHREPORT{wong97apr,
author = {Wong, W.E. and Horgan, J.R. and Mathur, A.P. and Pasquini, A.},
title = {{Test Set Size Minimization and Fault Detection Effectiveness: A Case Study in a Space Application}},
institution = {Softwarere Engineering Research Council},
number = {{SERC-TR-173-P}},
month = apr,
year = 1997
}

@INPROCEEDINGS{yau87oct,
author = {Yau, S.S. and Kishimoto, Z.},
title = {{A method for revalidating modified programs in the maintenance phase}},
booktitle = {COMPSAC '87: The Eleventh Annual International Computer Software and Applications Conference},
pages = {272-277},
month = oct,
year = 1987
}

@INPROCEEDINGS{ziegler89oct,
author = {Ziegler, J. and Grasso, J. M. and Burgermeister, L.G.},
title = {{An Ada based real-time closed-loop integration and regression test tool}},
booktitle = {{Proceedings of the Conference on Software Maintenance}},
pages = {81-90},
month = oct,
year = 1989
}

@BOOK{johnson,
author = {Johnson,R.},
title = {Elementary Statistics},
publisher = {Duxbury Press},
address = {Belmont, CA},
edition = {Sixth},
year = {1992},
}

@article{onoma98may,
author = {Onoma, K. and Tsai, W-T. and Poonawala, M. and Suganuma, H.},
title = {Regression testing in an industrial environment},
journal = {Communications of the ACM},
volume = {41},
number = {5},
pages = {81-86},
month = may,
year = 1988
}

@ARTICLE{binkley97aug,
author = {Binkley, D.},
title = {{Semantics guided regression test cost reduction}},
journal = {{IEEE Transactions on Software Engineering}},
volume = 23,
number = 8,
month = aug,
pages = {498-516},
year = 1997,
}

@INPROCEEDINGS{Delamaro96jul,
author = {Delamaro, M\'{a}rcio E. and Maldonado, Jos\'{e} C.},
title = {{Proteum--A Tool for the Assessment of Test Adequacy for C Programs}},
booktitle = Proc #
  {Conference on Performability in Computing Sys. (PCS 96)},
pages = {79-95},
month = jul,
year = 1996
}

@BOOK{Freund81,
author = {Freund, Rudolf J. and Littell, Ramon C.},
title = {SAS for Linear Models: a guide to the ANOVA and GLM procedures},
publisher = {SAS Institute Inc.},
address = {Cary, NC},
year = {1981},
comment = { Cooper: QA276.4 .F7 },
keyword = { statistics; linear regression },
}


@BOOK{Ott88,
author = {Ott, Lyman},
title = {An Introduction to Statistical Methods and Data Analysis},
edition = {Third},
publisher = {PWS-Kent Publishing Company},
address = {Boston, MA},
year = {1988},
comment = { ISBN 0-534-91926-X },
keyword = { statistics },
}

@ARTICLE{Hamlet77jul,
author = {Hamlet, Richard G.},
title = {{Testing programs with the aid of a compiler}},
journal = ieeese,
volume = {SE-3},
number = 4,
month = jul,
year = 1977,
pages = {279-290},
keyword = { software testing; mutation analysis; debugging; maintenance }
}

@ARTICLE{DeMillo78apr,
author = {DeMillo, Richard A. and Lipton, Richard J. and Sayward, Frederick G.},
title = {{Hints on Test Data Selection: Help for the Practicing Programmer}},
journal = {Computer},
volume = 11,
number = 4,
month = apr,
year = 1978,
pages = {34-41},
comment = { Usually cited as first mutation analysis article. },
keyword = { mutation analysis; software testing },
}

@INPROCEEDINGS{vokolos98nov,
author = {Vokolos, F. I. and Frankl, P. G.},
title = {Empirical evaluation of the textual differencing regression testing technique},
booktitle={{Proceedings of the International Conference on Software Maintenance}},
month = nov,
year = 1998,
pages = {44--53}
}

@inproceedings{vokolos,
author = {Vokolos, F. I. and Frankl, P. G.},
title = {Pythia: a regression test selection tool based on textual differencing},
booktitle={{Proc. 3rd Int'l. Conf. on Rel., Quality \& Safety of Softw.-Intensive Sys.}},
month = may,
year = 1997
}

@inproceedings{ball98mar,
author = {Ball, T.},
title = {On the limit of control flow analysis for regression test selection},
booktitle= {{Proc. Int'l. Symp. on Softw. Testing and Analysis}},
month = mar,
year = 1998,
pages = {134-142}
}


@inproceedings{thompson93jun,
author = {Thompson, M.C. and Richardson, D.J. and Clarke, L.A.},
title = {An information flow model of fault detection},
booktitle= {{ACM International Symp. on Software Testing and Analysis}},
month = jun,
year = 1993,
pages = {182-192}
}

@article{voas92aug,
author = {Voas, J.},
title = {{PIE: A dynamic failure-based technique}},
journal = {{IEEE Transactions on Software Engineering}},
month = aug,
year = 1992,
pages = {717-727}
}

@article{munson92may,
author = {Munson, J.C. and Khoshgoftaar, T.M.},
title = {The detection of fault-prone programs},
journal = {{IEEE Transactions on Software Engineering}},
month = may,
year = 1992,
pages = {423-433}
}

@INPROCEEDINGS{rothermel99aug,
author = {Rothermel, G. and Untch, R.H. and Chu, C. and Harrold, M. J.},
title = {{Test case prioritization: An empirical study}},
booktitle = {{Int'l. Conf. Softw. Maint.}},
month = aug,
year = 1999,
pages = {179-188}
}

@TECHREPORT{rothermelpriotechrep,
author = {Rothermel, G. and Untch, R.H. and Chu, C. and Harrold, M. J.},
title = {{Test case prioritization}},
institution = {Oregon State University},
number = {{99-60-12}},
month = dec,
year = 1999
}

@TECHREPORT{rothermelpriotechrep2,
author = {Elbaum, S. and Malishevsky, A. G. and Rothermel, G.},
title = {{Prioritizing test cases for regression testing}},
institution = {Oregon State University},
number = {{00-60-03}},
month = feb,
year = 2000
}

@ARTICLE{hamlet87apr,
author = {Hamlet, R. G.},
title = {{Probable correctness theory}},
journal = {{Information Processing Letters}},
volume = {25},
month = apr,
year = 1987,
pages = {17-25}
}

@INPROCEEDINGS{elbaum00aug,
author = {Elbaum, S. and Malishevsky, A. and Rothermel, G.},
title = {{Prioritizing test cases for regression testing}},
booktitle = {{Proceedings of the International Symposium on
Software Testing and Analysis}},
month = aug,
year = 2000,
pages = {102-112}
}

@BOOK{musa99,
author = {Musa, J.},
title = {Software Reliability Engineering},
publisher = {McGraw-Hill},
address = {New York, NY},
year = {1999}
}

@INPROCEEDINGS{lanubile95,
author = {Lanubile, F. and Lonigro, A. and Visaggio, G.},
title = {{Comparing models for identifying fault-prone software components}},
booktitle = {{Proceedings 7th International Conference on Software Engr. and Knowledge Engr.}},
month = jun,
year = 1995,
pages = {12-19}
}

@BOOK{schulmeyer99,
author = {Schulmeyer, G. and McManus, J.},
title = {Handbook of Software Quality Assurance},
edition = {3rd},
publisher = {Prentice Hall},
address = {New York, NY},
year = {1999}
}

@article{rothermel98jun,
author = {Rothermel, G. and Harrold, M. J.},
title = {Empirical studies of a safe regression test selection technique},
journal = {{IEEE Transactions on Software Engineering}},
volume = 24,
number = 6,
month = jun,
year = 1998,
pages = {401-419}
}

@inproceedings{kim00jun,
author = {Kim, J. and Porter, A. and Rothermel, G.},
title = {An empirical study of regression test application frequency},
booktitle = {Proceedings of the International Conference on 
Software Engineering},
pages = {126-135},
month = jun,
year = 2000
}

@article{oppen80oct,
author = {Oppen, D. C.},
title = {Prettyprinting},
journal = {ACM Trans. Prog. Lang. Sys.},
volume = 2,
number = 4,
month = oct,
year = 1980,
pages = {465-483}
}

@article{rubin83mar,
author = {Rubin, L. F.},
title = {Syntax-directed pretty printing -- A first step towards a syntax-directed editor},
journal = {{IEEE Transactions on Software Engineering}},
volume = {{SE-9}},
number = 2,
month = mar,
year = 1983,
pages = {119-127}
}

@ARTICLE{rothermel04jul, 
author = {G. Rothermel and
S. Elbaum and A. G. Malishevsky and P. Kallakuri and X. Qiu }, 
title = {{On test suite composition and cost-effective regression testing}}, 
JOURNAL = {ACM Transactions on Software Engineering Methodologies}, 
volume = 13,
number = 3,
month = jul, 
pages = {227-331},
year = 2004 
}

@inproceedings{harrold01oct,
author = {Harrold, M. J. and Jones, J. and Li, T. and Liang, D. and Orso, A.
and Pennings, M. and Sinha, S. and Spoon, S. and Gujarathi, A.},
title = {{Regression test selection for Java software}},
booktitle = {{Proc. Conf. O.-O.  Programming, Systems,
Langs., and Apps.}},
month = oct,
year = 2001
}


@misc{ ciolkowski-family,
  author = "Marcus Ciolkowski",
  title = "A Family of Experiments to Investigate the Influence of Context
on the
    Effect of Inspection Techniques",
  url = "citeseer.nj.nec.com/544882.html" }


@article{ basili99building,
    author = "Victor R. Basili and Forrest Shull and Filippo Lanubile",
    title = "Building Knowledge through Families of Experiments",
    journal = "Software Engineering",
    volume = "25",
    number = "4",
    pages = "456-473",
    year = "1999",
    url = "citeseer.nj.nec.com/article/basili99building.html" }


@inproceedings{ basili99using,
    author = "Victor R. Basili and Forrest Shull and Filippo Lanubile",
    title = "Using Experiments to Build a Body of Knowledge",
    booktitle = "Ershov Memorial Conference",
    pages = "265-282",
    year = "1999",
    url = "citeseer.nj.nec.com/basili98using.html" }

@inproceedings{clarke85aug,
author = {Clarke, L.A. and Podgurski, A. and Richardson, D.J. and Zeil, S.J.},
title = {A comparison of data flow path selection criteria},
booktitle = {Proceedings of the 8th International Conference on Software
Engineering},
pages = {244-51},
month = aug,
year = 1985
}

@article{rapps85apr,
author = {S. Rapps and E. J. Weyuker},
title = {Selecting software test data using data flow information},
journal = {{IEEE Transactions on Software Engineering}},
volume = {SE-11},
number = 4,
month = apr,
year = 1985,
pages = {367-375}
}

@ARTICLE{Weyuker88jun,
author = {Weyuker, Elaine J.},
title = {The evaluation of program-based software test data adequacy criteria},
journal = {{Communications of the ACM}},
volume = 31,
number = 6,
month = jun,
year = 1988
}

@misc{reptreedoc,
	title = "http://weka.sourceforge.net/doc.dev/weka/classifiers/trees/REPTree.html" }

@misc{splus,
  title = "http://www.insightful.com/products/splus" }

@misc{xp,
  author = "xprogramming.com",
  howpublished = "http://www.xprogramming.com" }

@misc{extreme,
  author = "Don Wells",
  month = jan,
  year = 2003,
  title = {{Extreme Programming: A Gentle Introduction}},
  howpublished = "http://www.extremeprogramming.org" }

@misc{junit,
  key = "junit",
  howpublished = "http://www.junit.org" }

@misc{ant,
  key = "ant",
  howpublished = "http://ant.apache.org" }

@misc{jmeter,
  key = "jmeter",
  howpublished = "http://jakarta.apache.org/jmeter" }

@misc{bcel,
  key = "bcel",
  howpublished = "http://jakarta.apache.org/bcel" }

@misc{xml,
  key = "xml",
  howpublished = "http://xml.apache.org/security" }

@misc{jtopas,
  key = "jtopas",
  howpublished = "http://jtopas.sourceforge.net/jtopas" }

@misc{nanoxml,
  key = "nanoxml",
  howpublished = "http://nanoxml.sourceforge.net/orig" }

@misc{jakarta,
  key = "jakarta",
  howpublished = "http://jakarta.apache.org" }

@misc{sourceforge,
  key = "sourceforge",
  howpublished = "http://sourceforge.net" }

@misc{galileo-web,
  key = "galileo",
  howpublished = "http://csce.unl.edu/$\tilde{~}$galileo/pub/galileo" }

@misc{culpepper,
  key = "culpepper",
  howpublished = "http://www.culpepper" }

@INPROCEEDINGS{srivastava02jul,
author = {Srivastava, A. and Thiagarajan, J.},
title = {{ Effectively prioritizing tests in development environment}},
booktitle = {{Proceedings of the International Symposium on
Software Testing and Analysis}},
month = jul,
pages = {97-106},
year = 2002
}

@INPROCEEDINGS{elbaum01apr,
author = {Elbaum, S. and Gable, D. and Rothermel, G.},
title = {{Understanding and measuring the sources of variation
in the prioritization of regression test suites}},
booktitle = {{Proceedings of the International Software Metrics Symposium}},
month = apr,
pages = {169-179},
year = 2001
}

@INPROCEEDINGS{han04,
author = {Han, J. and Pei, J. and Yin, Y. and Mao, R},
title = {{Mining Frequent Patterns without Candidate Generation: A Frequent-Pattern Tree Approach}},
booktitle = {{Data Mining and Knowledge Discovery}},
month = jan,
pages = {53-87},
year = 2004
}

@INPROCEEDINGS{zaki03,
author = {Zaki, M. and Gouda, K.},
title = {{Fast vertical mining using diffsets}},
booktitle = {{Proceedings of the ningth ACM SIGKDD international conference on Knowledge discovery and data mining}},
pages = {326-335},
year = 2003
}

@INPROCEEDINGS{kim02may,
author = {Kim, J. and Porter, A.},
title = {A history-based test prioritization technique for regression testing
in resource constrained environments},
booktitle = {{Proceedings of the International Conference on 
Software Engineering}},
month = may,
year = 2002
}

@MASTERSTHESIS{galileo, 
author = {Aarti Thorat}, 
title = {{Galileo: A system for analyzing Java bytecode}}, 
school = {Oregon State University}, 
type = {{MS}
Thesis}, 
month = jan, 
year = 2003, }

@MASTERSTHESIS{sofya, 
author = {A. Kinneer}, 
title = {{Assessing the cost-benefits of using type inference algorithms 
to improve the representation of exceptional control flow in Java}}, 
school = {University of Nebraska - Lincoln}, 
type = {{MS}
Thesis}, 
month = aug, 
year = 2005, }

@BOOK{fowler99,
author = {Fowler, M.},
title = {Refactoring: Improving the Design of Existing Code},
publisher = {Addison-Wesley},
year = {1999},
}

@INPROCEEDINGS{ishizaki99jun,
author = {Ishizaki, K. and Kawahito, M. and Yasue, T. and Takeuchi, M. and
Ogasawara, T. and Suganuma, T. and Onodera, T. and Komatsu, H. and Nakatani, T.},
title = {Design, implementation and evaluation of optimisations in a
Just-In-Time compiler},
booktitle = {{ACM 1999 Java Grande Conf.}},
pages = {119-128},
month = jun,
year = 1999
}

@TECHREPORT{power02jul, 
author = {Power, J. and Waldron, J.}, 
title = {{A method-level analysis of object-oriented techniques in Java
applications}}, 
institution = {National University of Ireland}, 
type = { Technical Report},
number = {NUM-CS-TR-2002-07}, 
month = jul, 
year = 2002 }

@article{hamlet77,
author = {R. G. Hamlet},
title = {Testing programs with the aid of a compiler},
journal = {{IEEE Transactions on Software Engineering}},
volume = {3},
number = 4,
year = 1977,
pages = {279-290}
}

@inproceedings{ma02nov,
author = {Y. Ma and Y. Kwon and J. Offutt},
title = {Inter-class mutation operators for Java},
booktitle = {{Proc. Int'l. Symp. Softw. Rel. Engr.}},
pages = {352-363},
month = nov,
year = 2002,
}

@inproceedings{demillo78,
author = {R. A. Demillo and R. J. Lipton and F. G. Sayward},
title = {Hints on test data selection: Help for the practicing 
programmer},
booktitle = {{IEEE Computer}},
pages = {34-41},
year = 1978,
}

@PHDTHESIS{budd80,
author = {Budd, T. A.},
title = {Mutation analysis of program test data},
school = {Yale University},
type = {{Ph.D.} Dissertation},
year = 1980
}

@inproceedings{bieman01nov,
author = {J. M. Bieman and S. Ghosh and R. T. Alexander},
title = {{A technique for mutation of Java objects}},
booktitle = {{Proc. Automated Softw. Eng.}},
month = nov,
pages = {337-340},
year = 2001,
}

@article{offutt96feb,
author = {A. J. Offutt and J. Pan and K. Tewary and T. Zhang},
title = {An experimental evaluation of data flow and mutation testing},
journal = {{Softw. Pract. and Exp.}},
volume = {26},
number = 2,
pages = {165-176},
month = feb,
year = 1996,
}

@ARTICLE{kim01,
author = {S. Kim and J. A. Clark and J. A. McDermid},
title = {{Investigating the effectiveness of object-oriented testing 
strategies with the mutation method}},
JOURNAL = {{J. of Softw. Testing, Verif., and Rel.}},
volume = 11,
number = 4,
pages = {207-225},
year = 2001
}

@inproceedings{kim00oct,
author = {S. Kim and J. A. Clark and J. A. McDermid},
title = {{Class mutation: Mutation testing for object-oriented programs}}, 
booktitle = {{Proc. Net.ObjectDays Conf. Object-Oriented Softw. Sys.}},
month = oct,
year = 2000
}

@ARTICLE{do05dec,
author = {H. Do and S. Elbaum and G. Rothermel},
title = {{Supporting controlled experimentation with testing techniques: 
An infrastructure and its potential impact}}, 
JOURNAL = {{International Journal on Empirical Software Engineering}},
volume = 10,
number = 4,
pages = {405-435},
year = 2005
}

@ARTICLE{do06jan,
author = {H. Do and G. Rothermel and A. Kinneer},
title = {{Prioritizing JUnit test cases: An empirical assessment and 
cost-benefits analysis}}, 
JOURNAL = {{Empirical Software Engineering: An International Journal}},
volume = 11,
number = 1,
pages = {33-70},
month = jan,
year = 2006
}

@inproceedings{do04nov,
author = {H. Do and G. Rothermel and A. Kinneer},
title = {{Empirical studies of test case prioritization in a JUnit testing
environment}},
booktitle = {{Proceedings of the International Symposium on Software
Reliability Engineering}},
pages = {113-124},
month = nov,
year = 2004,
}

@inproceedings{do04aug,
author = {H. Do and S. Elbaum and G. Rothermel},
title = {{Infrastructure support for controlled experimentation
with software testing and regression testing techniques}},
booktitle = {{Proceedings of the International Symposium on Empirical 
Software Engineering}},
pages = {60-70},
month = aug,
year = 2004,
}

@ARTICLE{frankl97,
author = {P. G. Frankl and S. N. Weiss and C. Hu},
title = {{All-uses versus mutation testing: An experimental comparison
of effectiveness}}, 
JOURNAL = {{J. Sys. Softw.}},
volume = 38,
number = 3,
pages = {235-253},
year = 1997
}

@InProceedings{orso01nov,
author = {Orso, A. and Harrold, M. J. and Rosenblum, D. and Rothermel, G. and Soffa, M. L. and Do, H.},
title = {Using component metacontents to support the
regression testing of component-based software.},
booktitle = {{Proceedings of the International Conference on Software Maintenance}},
month = nov,
pages = {716-725},
year = 2001
}

@inproceedings{orso04nov,
author = {Orso, A. and Shi, N. and Harrold, M. J.},
title = {{Scaling regression testing to large software systems}},
booktitle = {{Proceedings of the International Symposium on
Foundations of Software Engineering}},
year = 2004,
month = nov
}

@InProceedings{ren04oct,
author =  {Ren, X. and Shah, F. and Tip, F. and Ryder, B. G. and Chesley, O.},
title =        {{Chianti: A tool for change impact analysis of Java programs}},
booktitle =    {Proceedings of the International Conference
on Object-Oriented Programming Systems, Languages, and Applications},
pages =        {432--448},
year =         {2004},
month =        oct
}

@TechReport{kinneer06apr,
author =       {Kinneer, A. and Dwyer, M. and Rothermel, G.},
  title =        {Sofya: A Flexible Framework for Development of Dynamic Program Analysis for {Java} Software},
  institution =  {University of Nebraska--Lincoln},
  year =         {2006},
  number =       {TR-UNL-CSE-2006-0006},
  OPTaddress =   {Lincoln, Nebraska, {U.S.A.}},
  month =        apr
}

@book{craig02,
author="Craig, Rick D. and Jaskiel, Stefan P.",
year="2002",
title="Systematic Software Testing",
edition="First",
publisher="Artech House Publishers",
address="Boston, MA"
}

@ARTICLE{hendricks97apr,
author = {K. B. Hendricks and R. V. Singhal},
title = {{Delays in new product introductions and the market value
of the firm: The consequences of being late to the market }}, 
JOURNAL = {{Management Science}},
volume = 43,
number = 4,
pages = {422-436},
month = apr,
year = 1997
}

@book{jones97,
author="Jones, Capers",
year="1997",
title="Applied Software Measurement: Assuring productivity
and quality",
publisher="McGraw-Hill",
}

@INPROCEEDINGS{shull02,
author = {{Shull, F. et al.}},
title = {{What we have learned about fighting defects}},
booktitle = {{Int'l. Softw. Metrics Symp.}},
year = 2002
}

@ARTICLE{tichy95jan,
author = {Tichy, W. and Lukowicz, P. and Heinz, E. and Prechelt, L.},
title = {{Experimental evaluation in computer science: a quantitative study}},
journal = {{Journal of Systems and Software}},
volume = {28},
number = {1},
month = jan,
year = 1995,
pages = {9-18}
}

@ARTICLE{zelkowitz98may,
author = {Zelkowitz, M. and Wallace, D.},
title = {{Experimental models for validating technology}},
journal = {{IEEE Computer}},
month = may,
year = 1998,
pages = {23-31}
}

@ARTICLE{kitchenham95jul,
author = {Kitchenham, B. and Pickard, L. and Pfleeger, S.},
title = {{Case studies for method and tool evaluation}},
journal = {{IEEE Software}},
month = jul,
year = 1995,
pages = {52-62}
}

@INPROCEEDINGS{boehm00jun,
author = {Boehm, B. and Sullivan, K.},
title = {Software economics: A roadmap},
booktitle = {{The Futher of Software Economics}},
pages = {319-343},
month = jun,
year = 2000
}

@ARTICLE{basili86jul,
author = {Basili, V. and Selby, R. and Heinz, E. and Hutchens, D.},
title = {{Experimentation in software engineering}},
journal = {{IEEE TSE}},
volume = {12},
number = {7},
month = jul,
year = 1986,
pages = {733-743}
}

@INPROCEEDINGS{harder03may,
author = {Harger, M and },
title = {Improving test suites via operational abstraction},
booktitle = {{Proc. 25rd International Conference on Software Eng.}},
pages = {},
month = may,
year = 2003
}

@INPROCEEDINGS{ernst00jun,
author = {Ernst, M. and Czeisler, A. and Griswold, W. and Notkin, D.},
title = {Quickly detecting relevant program invariants}, 
booktitle = {{Proc. 22th International Conference on Software Eng.}},
pages = {},
month = jun,
year = 2000
}

@ARTICLE{okun03jan,
author = {Okun, V. and Black, P. and Yesha, Y},
title = {Testing with model checker: insuring fault visibility}, 
journal = {{WSEAS Transactions on Systems}},
volume = {2},
number = {1},
month = jan,
year = 2003,
pages = {77-82},
}

@INPROCEEDINGS{xie02may,
author = {Xie, T. and Notkin, D.},
title = {Macro and micro perspectives on strategic software quality 
assurance in resource constrained environments}, 
booktitle = {{Proc. EDSER-4}},
pages = {},
month = may,
year = 2002
}

@INPROCEEDINGS{xie02nov,
author = {Xie, T. and Notkin, D.},
title = {Checking inside the black box: regression fault exposure and 
localization based on value spectra differences}, 
booktitle = {{FSE poster session}},
pages = {},
month = nov,
year = 2002
}

@INPROCEEDINGS{coenporisini01,
author = {Alberto Coen-Porisini, Giovanni Denaro, Carlo Ghezzi, Mauro Pezze},
title = {Using symbolic execution for verifying safety-critical systems}, 
booktitle = {{Proc. ESEC/FSE}},
pages = {},
year = 2001
}

@ARTICLE{fenton94jul,
author = {Fenton, N. and Pfleeger, S.},
title = {{Science and substance: A challenge to software engineers}},
journal = {{IEEE Software}},
month = jul,
year = 1994,
pages = {86-95}
}

@book{sieg.1988,
author="Siegel, Sidney and Castellan, Jr. N. John",
year="1988",
title="Nonparametric Statistics For the Behavioral Sciences",
edition="Second",
publisher="McGraw-Hill Inc.",
address="New York, NY"
}

@book{chambers.1983,
author="Chambers, John M. and Cleveland, William S. and Kleiner, Beat and Tukey, Paul A.",
title="Graphical Methods for Data Analysis",
year="1983",
publisher="Wadsworth Int'l. Group",
address="Belmont, CA"
}

@inproceedings{agrawal93sep,
author = {Agrawal,H. and Horgan, J. and Krauser, E. and London, S.},
title = {Incremental regression testing},
booktitle = {{Proceedings of the Conference on Software Maintenance}},
month = sep,
year = 1993,
pages = {348-357}
}

@INPROCEEDINGS{balcer89dec,
author = {Balcer, M. and Hasling, W. and Ostrand, T.},
title = {Automatic generation of test scripts from formal test specifications},
booktitle = {{Proceedings of the 3rd Symposium on Software Testing, Analysis, and Verification}},
pages = {210-218},
month = dec,
year = 1989
}

@INPROCEEDINGS{binkley92nov,
author = {Binkley, D.},
title = {{Using semantic differencing to reduce the cost of regression testing}},
booktitle = {{Proceedings of the Conference on Software Maintenance}},
pages = {41-50},
month = nov,
year = 1992
}

@INPROCEEDINGS{binkley95oct,
author = {Binkley, D.},
title = {{Reducing the cost of regression testing by semantics guided test case selection}},
booktitle = {{Proceedings of the Conference on Software Maintenance}},
month = oct,
year = 1995
}

@INPROCEEDINGS{benedusi88oct,
author = {Benedusi, P. and Cimitile, A. and De Carlini, U.},
title = {{Post-maintenance testing based on path change analysis}},
booktitle = {{Proceedings of the Conference on Software Maintenance}},
pages = {352-361},
month = oct,
year = 1988
}


@BOOK{davis94,
author = {Davis, M. and Sigal, R. and Weyuker, E.},
title = {Computability, Complexity, and Languages},
publisher = {Academic Press, Inc.},
edition = {Second},
address = {Boston, MA},
year = {1994}
}

@INPROCEEDINGS{dogsa88oct,
author = {Dogsa, T. and Rozman, I.},
title = {{CAMOTE - computer aided module testing and design environment.}},
booktitle = {{Proceedings of the Conference on Software Maintenance}},
pages = {404-408},
month = oct,
year = 1988
}

@ARTICLE{ferrante87jul,
author = {Ferrante, J. and Ottenstein, K.J. and Warren, J.D.},
title = {{The program dependence graph and its use in optimization}},
journal = toplas,
volume = 9,
number = 3,
month = jul,
year = 1987,
pages = {319-349}
}

@INPROCEEDINGS{fischer77nov,
author = {Fischer, K.F. },
title = {{A test case selection method for the validation of
software maintenance modifications.}},
booktitle = {{Proceedings of COMPSAC '77}},
pages = {421-426},
month = nov,
year = 1977
}

@BOOK{garey79,
author = {Garey, M.R. and Johnson, D.S.},
title = {Computers and Intractability},
publisher = {W.H. Freeman},
address = {New York},
year = {1979},
}

@INPROCEEDINGS{gupta92nov,
author = {Gupta, R. and Harrold, M. J. and Soffa, M.L.},
title = {{An approach to regression testing using slicing}},
booktitle = {{Proceedings of the Conference on Software Maintenance}},
month = nov,
pages = {299-308},
year = 1992
}

@INPROCEEDINGS{harrold95mar,
author = {Harrold, M. J. and Larsen, L. and Lloyd, J. and Nedved, D. and Page, M. and Rothermel, G. and Singh, M. and Smith, M.},
title = {{Aristotle: a system for the development of program-analysis-based tools}},
booktitle = {{Proceedings of the 33rd Annual Southeast Conference}},
month = mar,
pages = {110-119},
year = 1995,
}

@inproceedings{harrold88oct,
author = {Harrold, M. J. and Soffa, M.L.},
title = {An incremental approach to unit testing during maintenance},
booktitle = {{Proceedings of the Conference on Software Maintenance}},
month = oct,
year = 1988,
pages = {362-367}
}

@INPROCEEDINGS{harrold89may,
author = {Harrold, M. J. and Soffa, M.L.},
title = {{An incremental data flow testing tool}},
booktitle = {{Proceedings of the Sixth International Conference on Testing
Computer Software}},
month = may,
year = 1989
}

@INPROCEEDINGS{harrold89dec,
author = {Harrold, M. J. and Soffa, M.L.},
title = {{Interprocedural data flow testing}},
booktitle = {Proceedings of the 3rd Testing, Analysis, and Verification
Symposium},
pages = {158-167},
month = dec,
year = 1989
}

@ARTICLE{harrold91jun,
author = {Harrold, M. J. and Soffa, M.L.},
title = {{Efficient computation of interprocedural definition-use chains}},
journal = toplas,
volume = 16,
number = 2,
pages = {175-204},
month = mar,
year = 1994
}

@techreport{harrold97aug,
author = {Harrold, M. J. and Jones, J. A. and Lloyd J.},
title = {Design and Implementation of An Interprocedural Data-Flow Tester},
institution = {The Ohio State University},
month = {Aug},
year = 1997
}

@INPROCEEDINGS{hartmann90jan92,
author = {Hartmann, J. and Robson, D.J.},
title = {{RETEST - development of a selective revalidation
prototype environment for use in software maintenance}},
booktitle = {{Proceedings of the 23rd Hawaii International
Conference on System Sciences}},
month = jan,
year = 1990,
pages = {92-101},
}

@INPROCEEDINGS{hartmann89oct,
author = {Hartmann, J. and Robson, D.J.},
title = {{Revalidation during the software maintenance phase}},
booktitle = {{Proceedings of the Conference on Software Maintenance}},
month = oct,
year = 1989,
pages = {70-79},
}

@INPROCEEDINGS{horgan92may,
author = {Horgan, J.R. and London, S.A.},
title = {{ATAC: A data flow coverage testing tool for C}},
booktitle = {{Proceedings of the Symposium on Assessment of Quality Software Dev. Tools}},
pages = {2-10},
month = may,
year = 1992
}

@INPROCEEDINGS{laski92nov,
author = {Laski, J. and Szermer, W.},
title = {{Identification of program modifications and its applications in
software maintenance}},
booktitle = {{Proceedings of the Conference on Software Maintenance}},
pages = {282-290},
month = nov,
year = 1992
}

@ARTICLE{lee90sep,
author = {Lee, J.A.N. and He, X.},
title = {{A Methodology for Test Selection}},
journal = {{The Journal of Systems and Software}},
volume = 13,
number = 1,
month = sep,
year = 1990,
pages = {177-185},
}

@ARTICLE{leung90dec,
author = {Leung, H. K. N. and White, L.},
title = {{Insights into testing and regression testing global variables}},
journal = {Journal of Software Maintenance},
volume = 2,
month = dec,
year = 1990,
pages = {209-222},
}

@inproceedings{ostrand88sep,
author = {Ostrand, T.J. and Weyuker, E.J.},
title = {Using dataflow analysis for regression testing},
booktitle = {Sixth Annual Pacific Northwest Software Qual. Conference},
pages = {233-247},
month = sep,
year = 1988
}

@inproceedings{taha89sep,
author = {Taha, A. B. and Thebaut, S. M. and Liu, S. S.},
title = {An approach to software fault localization and revalidation based on
incremental data flow analysis},
booktitle = {{Proceedings of the 13th Annual International Computer Software and Applications Conference}},
pages = {527--534},
month = sep,
year = 1989
}

@BOOK{pressman87,
author = {Pressman, R.},
title = {Software Engineering: A Practitioner's Approach},
publisher = {McGraw-Hill},
address = {New York, NY},
year = {1987},
}

@INPROCEEDINGS{rosenblum97oct,
author = {Rosenblum, D. and Rothermel, G.},
title = {A comparative study of regression test selection techniques},
booktitle = {{Proceedings of the 2nd International Workshop on Empir. Studies of Software Maintenance}},
month = oct,
year = 1997
}

@ARTICLE{rosenblum97apr,
author = {Rosenblum, D. and Weyuker, E. J.},
title = {Lessons learned from a regression testing case study},
journal = {{Empir. Software Engineering Journal}},
year = 1997,
volume = 2,
number = 2
}

@ARTICLE{rosenblum97mar,
author = {Rosenblum, D. and Weyuker, E. J.},
title = {{Using coverage information to predict the cost-effectiveness of
regression testing strategies}},
journal = {{IEEE Transactions on Software Engineering}},
month = mar,
year = 1997,
volume = 23,
number = 3,
pages = {146--156}
}

@INPROCEEDINGS{rothermel94may,
author = {Rothermel, G. and Harrold, M. J.},
title = {{A framework for evaluating regression test selection techniques}},
booktitle = {{Proceedings of the International Conference on Software Engineering}},
pages = {201-210},
month = may,
year = 1994
}

@techreport{rothermel96,
author = {Rothermel, G.},
title = {Efficient, Effective Regression Testing Using Safe Test Selection Techniques},
institution = {Clemson University},
number = {96-101},
month = {January},
year = 1996
}

@INPROCEEDINGS{rothermel93sep,
author = {Rothermel, G. and Harrold, M. J.},
title = {{A safe, efficient algorithm for regression test selection}},
booktitle = {{Proceedings of the Conference on Software Maintenance}},
month = sep,
year = 1993,
pages = {358-367}
}

@BOOK{schach90,
author = {Schach, S.},
title = {Software Engineering},
publisher = {Aksen Associates},
address = {Boston, MA},
year = {1992},
}

@INPROCEEDINGS{sherlund91,
author = {Sherlund, B. and Korel, B.},
title = {{Modification oriented software testing}},
booktitle = {Conference Proc.: Qual. Week 1991},
pages = {1-17},
year = 1991
}

@INPROCEEDINGS{sherlund95,
author = {Sherlund, B. and Korel, B.},
title = {{Logical modification oriented software testing}},
booktitle = {Proc.: Twelfth International Conference on Testing
Computer Software},
month = jun,
year = 1995,
}

@BOOK{stallman90feb,
author = {Stallman, R.},
title = {Using and porting GNU CC},
publisher = {Free Software Foundation, Inc.},
address = {Cambridge, MA},
year = 1990,
}

@article{weyuker82,
author = {Weyuker, E.J.},
title = {On testing non-testable programs},
journal = {The Computer Journal},
volume = {15},
number = {4},
pages = {465-470},
year = 1982,
}

@article{weyuker79,
author = {Weyuker, E.J.},
title = {The applicability of program schema results to programs},
journal = {{International Journal of Computer and Information Science}},
volume = 8,
year = 1979,
pages = {387-403},
}

@MISC{weyukerissta,
author = {Weyuker, E.J.},
title = {Empirical techniques for assessing testing strategies,},
howpublished = {{(Panel discussion at the International Symposium on Software Testing and Analysis)}},
month = aug,
year = 1994,
}

@INPROCEEDINGS{white93sep,
author = {White, L.J. and Narayanswamy, V. and Friedman, T. and Kirschenbaum, M. and Piwowarski, P.  and Oha, M.},
title = {{Test Manager: a regression testing tool}},
booktitle = {{Proceedings of the Conference on Software Maintenance}},
pages = {338-347},
month = sep,
year = 1993
}

@INPROCEEDINGS{white92nov,
author = {White, L.J. and Leung, H. K. N.},
title = {{A firewall concept for both control-flow and data-flow in regression
integration testing}},
booktitle = {{Proceedings of the Conference on Software Maintenance}},
pages = {262-270},
month = nov,
year = 1992
}

@inproceedings{wong94nov,
author = {W. E. Wong and J. R. Horgan and S. London and A. P. Mathur},
title = {Effect of test set size and block coverage on the fault detection effectiveness},
booktitle = {{Proceedings of the Fifth International Symposium on Software Reliability Engineering}},
pages = {230-238},
month = nov,
year = 1994,
}

@inproceedings{wong95,
author = {W. E. Wong and J. R. Horgan and S. London and A. P. Mathur},
title = {Effect of test set minimization on fault detection effectiveness},
booktitle = {{Proceedings of the International Conference on Software Engineering}},
pages = {41-50},
month = apr,
year = 1995,
}

@TECHREPORT{wong97apr,
author = {Wong, W.E. and Horgan, J.R. and Mathur, A.P. and Pasquini, A.},
title = {{Test Set Size Minimization and Fault Detection Effectiveness: A Case Study in a Space Application}},
institution = {Software Engineering Research Council},
number = {{SERC-TR-173-P}},
month = apr,
year = 1997
}

@INPROCEEDINGS{yau87oct,
author = {Yau, S.S. and Kishimoto, Z.},
title = {{A method for revalidating modified programs in the maintenance phase}},
booktitle = {COMPSAC '87: The Eleventh Annual International Computer Software and Applications Conference},
pages = {272-277},
month = oct,
year = 1987
}

@BOOK{johnson,
author = {Johnson,R.},
title = {Elementary Statistics},
publisher = {Duxbury Press},
address = {Belmont, CA},
edition = {Sixth},
year = {1992},
}

@INPROCEEDINGS{Delamaro96jul,
author = {Delamaro, M\'{a}rcio E. and Maldonado, Jos\'{e} C.},
title = {{Proteum--A Tool for the Assessment of Test Adequacy for C Programs}},
booktitle = Proc #
  {Conference on Performability in Computing Sys. (PCS 96)},
pages = {79-95},
month = jul,
year = 1996
}

@BOOK{Freund81,
author = {Freund, Rudolf J. and Littell, Ramon C.},
title = {SAS for Linear Models: a guide to the ANOVA and GLM procedures},
publisher = {SAS Institute Inc.},
address = {Cary, NC},
year = {1981},
comment = { Cooper: QA276.4 .F7 },
keyword = { statistics; linear regression },
}


@BOOK{Ott88,
author = {Ott, Lyman},
title = {An Introduction to Statistical Methods and Data Analysis},
edition = {Third},
publisher = {PWS-Kent Publishing Company},
address = {Boston, MA},
year = {1988},
comment = { ISBN 0-534-91926-X },
keyword = { statistics },
}

@ARTICLE{Hamlet77jul,
author = {Hamlet, Richard G.},
title = {{Testing programs with the aid of a compiler}},
journal = {{IEEE Trans. Softw. Eng.}},
volume = {SE-3},
number = 4,
month = jul,
year = 1977,
pages = {279-290},
keyword = { software testing; mutation analysis; debugging; maintenance }
}

@ARTICLE{DeMillo78apr,
author = {DeMillo, Richard A. and Lipton, Richard J. and Sayward, Frederick G.},
title = {{Hints on Test Data Selection: Help for the Practicing Programmer}},
journal = {Computer},
volume = 11,
number = 4,
month = apr,
year = 1978,
pages = {34-41},
comment = { Usually cited as first mutation analysis article. },
keyword = { mutation analysis; software testing },
}

@inproceedings{vokolos,
author = {Vokolos, F. I. and Frankl, P. G.},
title = {Pythia: a regression test selection tool based on textual differencing},
booktitle={{Proceedings of the 3rd International Conference on Rel., Quality \& Safety of Software-Intensive Sys. (ENCRESS '97)}},
month = may,
year = 1997
}

@inproceedings{thompson93jun,
author = {Thompson, M.C. and Richardson, D.J. and Clarke, L.A.},
title = {An information flow model of fault detection},
booktitle= {{ACM International Symposium on Software Testing and Analysis}},
month = jun,
year = 1993,
pages = {182-192}
}

@inproceedings{goradia93jun,
author = {Goradia, T.},
title = {Dynamic impact analysis: A cost-effective technique to enforce error-propagation},
booktitle= {{ACM International Symposium on Software Testing and Analysis}},
month = jun,
year = 1993,
pages = {171-181}
}


@article{voas92aug,
author = {Voas, J.},
title = {{PIE: A dynamic failure-based technique}},
journal = {{IEEE Transactions on Software Engineering}},
month = aug,
year = 1992,
pages = {717-727}
}

@article{munson92may,
author = {Munson, J.C. and Khoshgoftaar, T.M.},
title = {The detection of fault-prone programs},
journal = {{IEEE Transactions on Software Engineering}},
month = may,
year = 1992,
pages = {423-433}
}

@ARTICLE{avritzer95sep,
author = {Avritzer, A. and Weyuker, E. J.},
title = {{The automatic generation of load test suites
and the assessment of the resulting software}},
journal = {{IEEE Transactions on Software Engineering}},
volume = 21,
number = 9,
month = sep,
year = 1995,
pages = {705-716}
}

@ARTICLE{hamlet87apr,
author = {Hamlet, R. G.},
title = {{Probable correctness theory}},
journal = {{Information Processing Letters}},
volume = {25},
month = apr,
year = 1987,
pages = {17-25}
}

@BOOK{musa99,
author = {Musa, J.},
title = {Software Reliability Engineering},
publisher = {McGraw-Hill},
address = {New York, NY},
year = {1999},
}

@INPROCEEDINGS{lanubile95,
author = {Lanubile, F. and Lonigro, A. and Visaggio, G.},
title = {{Comparing models for identifying fault-prone software components}},
booktitle = {{Proceedings of the 7th International Conference on Software Engr. and Knowledge Engr.}},
month = jun,
year = 1995,
pages = {12-19}
}

@BOOK{schulmeyer99,
author = {Schulmeyer, G. and McManus, J.},
title = {Handbook of Software Quality Assurance},
edition = {3rd},
publisher = {Prentice Hall},
address = {New York, NY},
year = {1999},
}

@ARTICLE{rothermel00jun,
author = {Rothermel, G. and Harrold, M. J. and Dedhia, J.},
title = {{Regression test selection for C++ programs}},
journal = {{Journal of Software Testing, Verification, and Reliability}},
volume = 10,
number = 2,
month = jun,
pages = {77-109},
year = 2000
}

@INPROCEEDINGS{rothermel98nov,
author = {Rothermel, G. and Harrold, M. J. and Ostrin, J. and Hong, C.},
title = {{An empirical study of the effects of minimization on the
fault detection capabilities of test suites}},
booktitle = {{Proceedings of the International Conference on Software Maintenance}},
month = nov,
year = 1998,
pages = {34--43}
}

@article{wong98apr,
author = {Wong, W. E. and Horgan, J. R. and London, S. and Mathur, A. P.},
title = {Effect of test set minimization on fault detection effectiveness},
journal = {{Software -- Practice and Experience}},
volume = {28},
number = {4},
pages = {347-369},
year = 1998,
month = apr
}

@inproceedings{wong95apr,
author = {W. E. Wong and J. R. Horgan and S. London and A. P. Mathur},
title = {Effect of test set minimization on fault detection effectiveness},
booktitle = {{Proceedings of the International Conference on Software Engineering}},
pages = {41-50},
month = apr,
year = 1995,
}

@inproceedings{wong97aug,
author = {Wong, W. E. and Horgan, J. R. and Mathur, A. P. and Pasquini, A.},
title = {Test set size minimization and fault detection effectiveness: A case study in a space application},
booktitle = {{Proceedings of the 21st Annual International Computer Software \& Applications Conference}},
pages = {522-528},
month = aug,
year = 1997,
}

@INPROCEEDINGS{offutt95jun,
author = {Offutt, J. and Pan, J. and Voas, J. M.},
title = {{Procedures for reducing the size of coverage-based test sets}},
booktitle = {{Proc. Int'l. Conf. Testing Comp. Softw.}},
pages = {111--123},
month = jun,
year = 1995
}

@BOOK{kit95,
author = {Kit, E.},
title = {{Software Testing in the Real World}},
publisher = {Addison-Wesley},
address = {Reading, MA},
year = 1995
}

@ARTICLE{elbaum02feb,
author = {Elbaum, S. and Malishevsky, A. G. and Rothermel, G.},
title = {{Test case prioritization: A family of empirical studies}},
journal = {{IEEE Transactions on Software Engineering}},
month = feb,
year = 2002,
volume = 28,
number = 2,
pages = {159-182}
}

@INPROCEEDINGS{hildebrandt00aug,
author = {Hildebrandt, R. and Zeller, A.},
title = {{Minimizing failure-inducing input}},
booktitle = {{Proceedings of the International Symposium on Software Testing and Analysis}},
month = aug,
year = 2000,
pages = {135-145}
}

@article{harrold01mar,
author = {Harrold, M. J. and Rosenblum, D. and Rothermel, G. and Weyuker, E.},
title = {Empirical studies of a prediction model for regression test selection},
journal = {{IEEE Transactions on Software Engineering}},
volume = 27,
number = 3,
month = mar,
year = 2001,
pages = {248-263}
}

@BOOK{montgomery97,
author = {Montgomery, D. C.},
title = {{Design and Analysis of Experiments}},
publisher = {John Wiley and Sons},
address = {New York},
edition = {Fourth},
year = {1997}
}

@BOOK{ramey98,
author = {Ramey, C. and Fox, B.},
title = {{Bash Reference Manual}},
edition = {2.2},
publisher = {O'Reilly \& Associates, Inc.},
address = {Sebastopol, CA},
year = {1998}
}

@BOOK{kaner99,
author = {Kaner, C. and Falk, J. and Nguyeen, H. Q.},
title = {{Testing Computer Software}},
publisher = {Wiley and Sons},
address = {New York},
year = {1999}
}

@BOOK{binder00,
author = {Binder, R.},
title = {{Testing Object-Oriented Systems}},
publisher = {Addison Wesley},
address = {Reading, MA},
year = {2000}
}

@BOOK{libes96nov,
author = {Libes, D.},
title = {{Exploring Expect: A Tcl-Based Toolkit for Automating Interactive Programs}},
publisher = {O'Reilly \& Associates, Inc.},
address = {Sebastopol, CA},
month = nov,
year = {1996}
}

@article{bach96oct,
author = {Bach, J.},
title = {Useful features of a test automation system (part III)},
journal = {{Testing Techniques Newsletter}},
publisher = {Software Research, Inc.},
month = oct,
year = 1996
}

@INPROCEEDINGS{elbaumclic,
author = {Elbaum, S. and Munson, J. and Harrison, M.},
title = {{CLIC: A tool for the measurement of software system dynamics}},
booktitle = {{SETL Technical Report - TR-98-04.}},
month = {04},
year = {1998}
}

@MISC{gzip,
  author =       "Jean-loup Gailly ",
  title =        "Gzip Web Site",
  howpublished =       "http://www.gzip.org"
}


@INPROCEEDINGS{harrold01oopsla,
author = {Harrold, M. J. and Jones, J. and Li, T. and
Spoon, S. and Gujarathi, A.},
title = {{Regression test selection for Java software}},
booktitle = {{Proceedings of the ACM Conference on Object Oriented Programming Systems, Languages, and Applications}},
pages = {312-326},
month = oct,
year = 2001
}

@article{graves01apr,
author = {Graves, T. L. and Harrold, M. J. and Kim, J.-M. and
Porter, A. and Rothermel, G.},
title = {An empirical study of regression test selection techniques},
journal = {{ACM Transactions on Software Engineering Methodology}},
volume = 10,
number = 2,
month = apr,
year = 2001,
pages = {184-208}
}

@INPROCEEDINGS{agrawal90, author={ Agrawal, H. and Horgan, R.},
title={Dynamic Program Slicing}, booktitle={Proceedings of the ACM
SIGPLAN}, month= jun, year=1990, pages ={246-256}} @article{
ammons97,
    author = "Glenn, A. and Ball, T. and Larus, J.",
    title = "Exploiting Hardware Performance Counters with Flow and Context Sensitive Profiling",
    journal = "ACM SIG{\-}PLAN Notices",
    volume = "32",
    number = "5",
    isbn = "0-89791-907-6",
    pages = "85--96",
    year = "1997"
}

@ARTICLE{anderson97, author={Anderson, J. and Berc, L.},
title={Continuous Profiling: Where have all the cycles gone},
journal={ACM Transactions on Computer Systems}, volume=15,
number=4, month=nov, year=1997, pages={357-390}}



@MISC{aspectj, author = { Kiczales, D.}, title = {AspectJ:
Crosscutting Objects for Better Modularity}, howpublished =
{{http://aspectj.org}}, month = jun, year = 2002 }


@INPROCEEDINGS{ATOM, author={Srivastava, A. and Eustace, A.},
title={ATOM - A System for Building Customized Program Analysis
Tools}, booktitle={Proceedings on the Symposium on Programming
Language Design and Implementation}, year=1994, pages={196-205}}

@article{baker90jul, author = {Baker, A. and Bieman, J.  and
Fenton, N. and Gustafson, D. and Melton, A. and Whitty, R.}, title
= {Philosophy for software measurement}, journal = {J. Sys.
Softw.}, volume = {12}, number = {3}, pages = {277-281}, year =
1990 }

@INPROCEEDINGS{ball92, author={Ball, T. and Laurus, J.},
title={Optimally profiling and tracing programs},
booktitle={Proceedings on the 19th Annual Symposium on Principles
of Programming}, month=aug, year=1992, pages={59-70}}

@ARTICLE{ball99, author={Ball, T. }, title={The Concept of Dynamic
Analysis}, journal={ACM SIGSOFT Software Engineering Notes - FSE},
year=1997, volume=24, number=6, pages={216-234}}

@ARTICLE{basili87, author = {Zweben, S.  and Heym, W.  and
Kimmich, J.}, title = {{Systematic testing of data abstractions
based on software specifications}}, journal = {{Journal of
Software Testing, Verification and Reliability}}, volume = 1,
number = 4, pages = {39-55}, year = 1992 }

@INPROCEEDINGS{basili96may, author={Basili, V.}, title={The Role
of Experimentation in Software Engineering: Past, Current, and
Future}, booktitle={Proceedings on the International Conference on
Software Engineering}, month=may, year=1996, pages={15-29}}


@MISC{bcel02, author = { Dahm, M. and Van Zyl, J. }, title = {Byte
Code Engineering Library }, howpublished =
{{http://jakarta.apache.org/bcel/}}, month = jun, year = 2002 }

@INPROCEEDINGS{binkley98apr, author = {Binkley, D.}, title =
{{Validation of the coupling dependency metric as a predictor of
run-time failures and maintenance measures}}, booktitle =
{Proceedings of the International Conference of Software
Engineering}, pages = {352-355}, month = apr, year = 1998 }

@MISC{bodyknowledge, author = { ACM and IEEE Software Engineering
Committee}, title = {Guide to the Software Engineering Body of
Knowledge}, howpublished = {{www.swebok.org}}, month = apr, year =
2001 }

@BOOK{boehm81, author = {Boehm, B.}, title = {Software Engineering
Economics}, publisher = {Prentice Hall}, address = {New York, NY},
year = 1981 }

@INPROCEEDINGS{briand99may, author = {Briand, L. and Wust, J. and
Ikonomovski, S. and Lounis, H.}, title = {{Investigating quality
factors in object oriented designs: an industrial case study}},
booktitle = {Proceedings of the International Conferenece on
Software Engineering}, pages = {345-354}, month = may, year = 1999
}

@article{ buck00,
    author = "Buck, B. and Hollingsworth, J.",
    title = "An {API} for Runtime Code Patching",
    journal = "The International Journal of High Performance Computing Applications",
    volume = "14",
    number = "4",
    month = "Winter",
    pages = "317--329",
    year = "2000"
}

@INPROCEEDINGS{bush90, author = {Bush, M}, title = {{Improving
Software Quality: The Use of Formal Inspections at the Jet
Propulsion Laboratory}}, booktitle = {Proceedings of the
International Conference of Software Engineering}, pages =
{196-199}, month = jun, year = 1990 }

@MISC{businessweek99, author = {Gross, N. and Stepanek, M. and
Port, O. and Carey, J.}, title = {Software Hell}, howpublished =
{{Business Week International Edition}}, month = dec, year = 1999}

@article{card98,
    author = "Card, D.",
    title = "Learning from our mistakes with defect causal analysis",
    journal = "IEEE Software",
    volume = "15",
    number = "1",
    pages = "56-63",
    month = jan,
    year = "1998"
}

@article{carver91,
    author = "R. Carver",
    title = "Replay and testing for concurrent programs",
    journal = {{IEEE Transactions on Software Engineering}},
    month = mar,
    year =1991,
    pages = {66-74}
}

@article{chillarege92nov, author = {Chillarege, R. and Bhandari,
I. and Chaar, J. and Halliday, M. and Moebus, D. and Ray, B. and
Wong M.Y. }, title = {Orthogonal defect classification - A concept
for in-process measurement}, journal = ieeese, volume = 18, number
= 11, pages = {943-956}, month = nov, year = 1992 }

@MISC{ciac99, author = {Computer Incident Advisory Center}, title
= {E-Mail Buffer Overflow}, howpublished =
{{www.ciac.org/cgi-bin/index/bulletins}}, year = 1999}

@MISC{cnn99, author = {CNN}, title ="Silence on Mars as NASA's
last silver bullet misses mark", howpublished =
{cnn.com/1999/TECH/space/12/07/mars.lander. 02/\#2}, month = dec,
year = 1999}

@MISC{compuworld00, author = {Computer World}, title = {Windows
2000 successor enters beta\-testing}, howpublished =
{www.itworld.com/Comp/2221/CWSTO53170}, month = nov, year = 2000}

@INPROCEEDINGS{dickinson01, author = {Dickinson, W. and Leon, D.
and Podgursky, A.}, title = {{Finding Failures by Cluster Analysis
of Execution Profiles}}, booktitle = {{Proceedings of the
International Conference of Software Engineering}}, month = may,
year = 2001, pages = {339-348} }

@INPROCEEDINGS{dunbar01mar, author = {Dunbar, S. and Goddard, S.
and Henninger, S. and Elbaum, S.},title= {{Bootstrapping the
Software Design Studio}}, booktitle={Proceedings of the NCIIA
Annual Conference for Technology, Products and Ventures:
Creativity and Innovation in Higher Education}, month=mar,
year=2001, pages={179-188}}

@article{elbaum00feb, author = {Elbaum, S. and Munson, J.}, title
= {Evaluating regression test suites based on their fault exposure
capability}, journal = "J. of Softw. Maint.: Research
and Practice", volume=3, number=12, year=2000, pages={171-184} }

@INPROCEEDINGS{elbaum00mar, author = {Elbaum, S. and Munson, J.},
title = {{Investigating software failures with a software black box}}, 
booktitle = {Proceedings of the IEEE Aerospace Conference-
CD}, month = mar, year = {{2000}} }

@INPROCEEDINGS{elbaum00oct, author = {Elbaum, S. and Munson, J.},
title= {{Software black box: An alternative mechanism for failure analysis}}, 
booktitle={Proceedings of the International  Symposium on
Software Reliability Engineering}, month=oct,
year=2000, pages={142-147}}

@INPROCEEDINGS{elbaum01feb, author = {Elbaum, S. and Narla, S.},
title= {{A methodology for Operational Profile Refinement}},
booktitle={Proceeedings of the Annual Reliability and
Maintainability Symposium}, month=feb, year=2001, pages={365-376}}

@INPROCEEDINGS{elbaum01nova, 
author = {Elbaum, S. and Gable, D.  and Rothermel, G.}, 
title = {{The impact of software evolution on code coverage}}, 
booktitle = {{Proceedings of the International
Conference of Software Maintenance}}, 
pages={169-179}, 
month = nov, 
year = 2001 }

@INPROCEEDINGS{elbaum01novb, author = {Elbaum, S.}, title = {{An
Experimental Infrastructure for Evaluating Failure Analysis
Techniques for Released Software}}, note = {Proceedings of the
Workshop of Empirical Studies in Software Maintenance}},
pages={3-7},month = nov, year= 2001 }

@TECHREPORT{elbaum98aprclic, author = {Elbaum, S. and Munson, J.
and Harrison, M.}, title = {{CLIC: a tool for the measurement of
software system dynamics}}, institution = {University of Idaho},
type = {Technical Report}, number = {TR-CS-98-04}, month = apr,
year = 1998}

@TECHREPORT{elbaum98feb, author = {Elbaum, S. and Munson, J.},
title = {{A standard for the measurement of C complexity
attributes}}, institution = {University of Idaho}, type =
{Technical Report}, number = {TR-CS-98-02}, month = feb, year =
1998 }

@INPROCEEDINGS{elbaum98novchurn, author = {Elbaum, S. and Munson,
J.}, title = {{Code churn: A measure for estimating the impact of
code change}}, booktitle = {Proceedings of the International
Conference on Software Maintenance}, pages = {24-31}, month = nov,
year = 1998 }

@INPROCEEDINGS{elbaum98novmetrics, author = {Elbaum, S. and
Munson, J.}, title = {{Getting a handle on the fault injection
process: Validation of measurement tools}}, booktitle =
{Proceedings of the International Symposium of Software Metrics},
pages = {133-141}, month = nov, year = 1998 }

@INPROCEEDINGS{elbaum99april, author = {Elbaum, S. and Munson,
J.}, title = {{Intrusion detection through dynamic software
measurement}}, booktitle = {Workshop on Intrusion Detection and
Network Monitoring}, pages = {41-50}, month = apr, year = 1999 }

@INPROCEEDINGS{elbaum99jan, author = {Munson, J. and Elbaum, S.},
title = {{Software reliability as a function of user execution
patterns}}, booktitle = {Proceedings of the Hawaii International
Conference on System Science}, pages = {181}, month = jan, year =
1999 }

@PHDTHESIS{elbaum99jul,
  author =       "Elbaum, S.",
  title =        "Conceptual framework for a software black box",
  school =       "University of Idaho",
  year =         "1999",
  type =  {{Ph.D.} Dissertation},
  month =        "July"
}

@article{elbaum99sept, author = {Elbaum, S. and Munson, J.}, title
= {Software evolution and the code fault introduction process},
journal = {{Empirical Software Engineering Journal}}, volume = 4,
number = 3, pages = {241-262}, month = sep, year = 1999 }

@INPROCEEDINGS{elbaum01may, 
author={Elbaum, S. and Malishevsky, A. and Rothermel, G.}, 
title={{Incorporating varying test costs and
fault severities into test case prioritization}},
booktitle={{Proceedings of the International Conference on 
Software Engineering}}, 
month=may, 
year=2001, 
pages={329-338}}

@TECHREPORT{elbaum02jun,
  AUTHOR =       "Elbaum, S. and Kallakuri, P. and Malishevsky, A. and Rothermel, G. and Kanduri, S.",
  TITLE =        "Understanding the effects of Changes on Regression Testing",
  INSTITUTION =  "University of Nebraska - Lincoln",
  YEAR =         "2002",
  type =         "Technical Report",
  number =       "020701",
  address =      "Computer Science and Engineering Department",
  month =        "July"
}

@INPROCEEDINGS{elbaum02nov, author = {Liu, X. and Elbaum, S. },
title = {{On the Use of Empirical Studies to Compare Failure
Analysis Techniques}}, booktitle = {{Proceedings of the Workshop
of Empirical Studies in Software Maintenance}}, month = nov, year
= 2002 }

@INPROCEEDINGS{kanduri02nov, author = {Kanduri, S. and Elbaum,
S.}, title = {{An empirical study of tracing techniques from a
failure analysis perspective}}, booktitle = {{Proceedings of the
International Symposium of Software Reliability Engineering}},
month = nov, year = 2002,  pages = {280-291}}

@MISC{empiricalresearch98, author = {Brilliant, S. and Knight,
J.}, title = {Empirical Research in Software Engineering},
howpublished = {NSF Workshop Final report}, month = dec, year =
1998 }

@INPROCEEDINGS{ernst00may, author={Ghosh, S. and Mathur, A.},
title={{Quickly detecting relevant program invariants}},
booktitle={{Proceedings of the Internation Conference of Software
Engineering}}, month=may, year=2000, pages={449-458}}

@BOOK{fenton98book, author = {Fenton, N. and Pfleeger, S.}, title
= {Software Metrics - A Rigorous and Practical Approach},
publisher = {PWS Publishing Company}, address = {Boston, MA}, year
= 1998 }

@article{fenton94mar, author = {Fenton, N.}, title = {Software
measurement: A necessary scientific basis}, journal = ieeese,
volume = 20, number = 3, pages = {199-206}, month = mar, year =
1994 }

@article{fenton00, author = {Fenton, N. and Ohlsson, N.}, title =
{Quantitative Analysis of Faults and Failures in a Complex
Software System}, journal = {{IEEE Transactions on Software Engineering}},
volume = 26, number = 8, pages = {797-814}, month =
jul, year = 2000 }

@article{fenton99, author = {Fenton, N. and Neil, M.}, title = {A
Critique of Software Defect Prediction Models}, 
journal = {{IEEE Transactions on Software Engineering}},
volume = 25, number = 5,
pages = {675-689}, month = jul, year = 1999}


@MISC{gamma,
  author =       "Harrold, M. and Lipton, R. and Orso, A.",
  title =        "GAMMA: Continuous Evolution of Software
after Deployment",
  howpublished = "http://www.cc.gatech.edu/aristotle/Research/Projects/gamma.html",
  year =         "2002"
}

@INPROCEEDINGS{ghosh99, author={Ghosh, S. and Mathur, A.},
title={{Issues in Testing Distributed Component-Based Systems}},
booktitle={{ First ICSE Workshop on Testing Distributed
Component\-Based Systems;}{www.serc.net}}, month=may, year=1999}

@article{gorlick91,
    author = "Michael M. Gorlick",
    title = "The Flight Recorder: An Architectural Aid for System Monitoring",
    journal = "Proceedings of the ACM/ONR Workshop on Parallel and Distributed Debugging, in ACM SIGPLAN Notices",
    volume = "26",
    number = "12",
    pages = "175--183",
    year = "1991"
}

@ARTICLE{graham82, author={Graham, S. and McKusick, M.},
title={Gprof: a call graph execution profiler}, journal={ACM
SIGPLAN}, volume=17, number=6, month=jun, year=1982,
pages={120-126}}

@PHDTHESIS{hall97april,
  author =       "Hall, G.",
  title =        "Usage patterns: Extracting system functionality from observed profiles",
  school =       "University of Idaho",
  year =         "1997",
  type =         "Computer Science",
  month =        "April",
  keywords =     "software reengineering, reliability, software measurement",
}

@INPROCEEDINGS{hamlet93june, author = {Hamlet, D. and Voas, J.},
title = {{Faults on its sleeve: Amplifying software reliability
testing}}, booktitle = {Proceedings of the International Symposium
on Software Testing and Analysis}, pages = {89-98}, month = jun,
year = 1993 }

@inproceedings{hangal02may,
    author = "Hangal, S. and Lam, M.",
    title = "Tracking Down Software Bugs Using Automatic Anomaly Detection",
    booktitle = "Proceedings of the International Conference on Software Engineering",
    publisher = "IEEE-ACM",
    pages = {291-301},
    month=may,
    year = "2002"
}

@INPROCEEDINGS{harrold95mar, author = {Harrold, M. and Larsen, L.
and Lloyd, J. and Nedved, D. and Page, M. and Rothermel, G. and
Singh, M. and Smith, M.}, title = {{Aristotle: A system for the
development of program-analysis-based tools}}, booktitle =
{{Proceedings of the Annual Southeast Conference}}, month = mar,
pages = {110-119}, year = 1995 }

@article{hatton99, author = {Hatton, L.}, title = {Repetitive
failure, feedback and the lost art of diagnosis}, month = jan,
year = {1999}, pages = {183-188}, journal = {Journal of Systems
and Software}, volume=47, number={2-3}}

@article{hatton01, author = {Hatton, L.}, title = {Exploring the
Role of Diagnosis in Software Failure}, journal = {IEEE Software},
volume = 18, number = 4, pages = {34-39}, month = jul, year =
2001}

@INPROCEEDINGS{hildebrandt00, author = {Hildebrandt, R. and
Zeller, A.}, title = {{Simplifying Failure-Inducing Input}},
booktitle = {{Proceedings of the International Symposium if
Software Testing and Analysis}}, month = aug, year = 2000, pages =
{135-145} }


@MISC{hollingsworth00,
  author =       "Hollingsworth, J.",
  title =        "DYNINST: An Application Program Interface (API) for Runtime Code Generation",
  howpublished = "http://www.dyninst.org",
  year =         "2000"
}


@TECHREPORT{horgan95feb, author = {Horgan, R. and Mathur, A. and
Pasquini, A. and Rego, V.}, title = {{Perils of software
reliability modeling}}, institution = {{Software Engineering
Research Council}}, type = {Technical Report}, address = {Purdue
University}, number = {{SERC-TR-160-P}}, month = feb, year = 1995
}


@BOOK{ieee93faults,
  author =       "IEEE Standards Association",
  title =        "Software Engineering Standards",
  publisher =    "Institute of Electrical and Electronics Engineers",
  year =         "1993",
  volume =       "4",
  series =       "Std. 1044: Classifications for Software Anomalies",
  edition =      "1999",
  isbn =         "0738115630",
}

@BOOK{ieee94quality,
  author =       "IEEE Standards Association",
  title =        "Software Engineering Standards",
  publisher =    "Institute of Electrical and Electronics Engineers",
  year =         "1992",
  volume =       "3",
  series =       "Std. 1061: Standard for Software Quality Methodology",
  edition =      "1999",
  isbn =         "0738115630",
}

@inproceedings{shihab2010predicting,
  title={Predicting re-opened bugs: A case study on the eclipse project},
  author={Shihab, Emad and Ihara, Akinori and Kamei, Yasutaka and Ibrahim, Walid M and Ohira, Masao and Adams, Bram and Hassan, Ahmed E and Matsumoto, K-i},
  booktitle={2010 17th Working Conference on Reverse Engineering (WCRE)},
  pages={249--258},
  year={2010},
  organization={IEEE}
}

@article{khoshgoftaar96jan, author = {Khoshgoftaar, T. and Allen,
E.  and Kalaichelvan, K.  and Goel, N.}, title = {Early quality
prediction: A case study in telecommunications}, journal = {{IEEE
Software}}, volume = 13, number = 1, pages = {65-71}, month = jan,
year = 1996 }

@article{khoshgoftaar90feb, author = {Khoshgoftaar, T. and Munson,
J.}, title = {Predicting software development errors using
complexity metrics}, journal = {{Journal on Selected Areas in
Communications}}, volume = 8, number = 2, pages = {253-261}, month
= feb, year = 1990 }

@INPROCEEDINGS{khoshgoftaar92, author = {Khoshgoftaar, T. and
Munson, J.}, title = {{A measure of software system complexity and
its relationship to faults}}, booktitle = {Proceedings of the
International Simulation Technology Conference}, pages =
{267-272}, year = 1990 }

@INPROCEEDINGS{korel98, author = {Korel, B. and Al-Yami, A.},
title = {{Automated regression test generation}}, booktitle =
{{Proceedings of the International Symposium on Software Testing
and Analysis}}, pages = {143-151}, year = 1998 }

@INPROCEEDINGS{lanubile95, author = {Lanubile, F. and Lonigro, A.
and Visaggio, G.}, title = {Comparing models for identifying
fault-prone software components}, booktitle = {{Proceedings of the
International Conference on Software Engineering and Knowledge
Engineering}}, month = jun, year = 1995, pages = {312-319} }

@INPROCEEDINGS{larus95, author = {Larus, J. and Schnarr, E.},
title = {{EEL: Machine-independent executable editing}}, booktitle
= {{SIGPLAN Conference on Programming Languages, Design and
Implementation}}, month = jun, year = 1995, pages = {291-300} }

@article{laski83may, author = {Laski, J.  and Korel, B.}, title =
{A data flow oriented program testing strategy}, journal = ieeese,
volume = {SE-9}, number = {3}, pages = {347-54}, month = may, year
= 1983 }

@INPROCEEDINGS{leszak00, author={Leszak, M. and Perry, D. and
Stoll, D.}, title={{A case study in root cause defect analysis }},
booktitle={{Proc. of the 22nd International Conference on Software
Engineering and Knowledge Engineering}}, month=jun, year=2000,
pages={428-427}}

@article{leveson93, author = {Levenson, N. and Turner, C.}, title
= {An Investigation of the Therac-25 Accidents}, month = jul, year
= {1993}, pages = {18-41}, journal = {IEEE Computer}, number=7,
volume=26 }

@BOOK{lyu95sre,
  author =       "Lyu, M.",
  title =        "Handbook of Software Reliability Engineering",
  publisher =    "IEEE Computer Society Press",
  year =         "1995",
  edition =      "1995",
  isbn =         "007039400",
}

@INBOOK{lyu96,
    author = "Lyu, M.",
    title = "Hanbook of Software Reliability Engineering",
    chapter = "1: Introduction",
    publisher = "McGraw-Hill",
    year = 1996,
    pages = "1-25"
}

@MISC{mapstext, author = {Rothermel, G. and Elbaum, S.}, title =
{Handbook of subject preparation}, howpublished =
{{mapstext.unl.edu-Infrastructure}}, month = jan, year = 2001 }

@BOOK{marick99,
  AUTHOR =       "Fewster, M. and Graham, D.",
  TITLE =        "Software Test Automation: Effective Use of Test Execution Tools ",
  PUBLISHER =    "Addison-Wesley",
  month=          sep,
  YEAR =         "1999",
  isbn =         "0201331403"
}

@INPROCEEDINGS{menzies00, author = {Menzies, T. and Cukic, B. and
Harhsinder, S. and Powell, J.}, title = {{Testing Nondeterminate
Systems}}, booktitle = {{Proceedings International Symposium on
Software Reliability Engineering}}, month = oct, year = 2000,
pages = {222-231}}

@INPROCEEDINGS{modi01, author = {Modi, T.}, title = {{Dynamic
Logging \& the CORBA Notification Service}}, booktitle = {{Dr.
Dobb's Journal}}, month = mar, year = 2001, pages = {42-50}}

@BOOK{montgomery97, author = {Montgomery, D.}, title = {Design and
Analysis of Experiments}, publisher = {John Wiley \& Sons},
address = {New York, NY}, edition=4, year = 1997 }

@article{musa96nov, author = {Musa, J.}, title = {Software
reliability engineering testing}, journal = {Computer}, volume =
{29}, number = {11}, pages = {61-68}, year = 1996 }

@INPROCEEDINGS{musa92apr, author = {Musa, J. }, title = {The
operational profile in software reliability engineering: an
overview}, booktitle = {Proceedings of International Symposium on
Software Reliability Engineering}, pages = {140-154}, month = apr,
year = 1992 }

@INBOOK{ musa96operational,
    author = "Musa, J. and Fuoco, G. and Irving, N. and Kropfl, D.",
    title = "Hanbook of Software Reliability Engineering",
    chapter = "5: The Operational Profile",
    publisher = "McGraw-Hill",
    year = 1996,
    pages = "167-215"
}

@article{musa89feb, author = {Musa, J.}, title = {Software faults,
software failures, and software reliability modeling}, journal =
ieeesoft, volume = {6}, number = {2}, pages = {85-91}, month =
feb, year = 1996 }


@INPROCEEDINGS{munson96nov, author = {Munson, J.}, title = {A
functional approach to software reliability modeling}, booktitle =
{Proceedings of the Conference on Mathematical and Scientific
Computing: Quality of Numerical Software}, pages = {61-76}, month
= nov, year = 1996 }

@INPROCEEDINGS{munson98march, author = {Munson, J. and Elbaum, S.
and Karcich, R. and Wilcox, J.}, title = {{Software risk
assessment through software measurement and modeling}}, booktitle
= {Proceedings of the IEEE Aerospace Conference}, pages =
{137-147}, month = mar, year = 1998 }

@article{munson96dyn, author = {Munson, J. and Hall, G.}, title =
{Estimating test effectiveness with dynamic complexity
measurement}, journal = {Empirical Software Engineering Journal},
volume = {1}, number = {3}, pages = {279-305}, year = 1996 }

@article{munson90mar, author = {Munson, J. and Khoshgoftaar, T.},
title = {Regression modeling of software quality: An empirical
investigation}, journal = {Journal of Information and Software
Technology}, volume = {32}, number = {2}, pages = {105-114}, month
= mar, year = 1990 }

@article{munson95, author = {Munson, J.}, title = {Software
measurement: Problems and practice}, journal = {Annals of Software
Engineering}, volume = {1}, number = {1}, pages = {255-285}, year
= 1995 } @INPROCEEDINGS{munson96feb, author = {Munson, J.}, title
= {{A software black box recorder}}, booktitle = {Proceedings of
the IEEE Aerospace Conference}, pages = {309-320}, month = feb,
year = 1996 }

@INPROCEEDINGS{munson96mar, author = {Werries, D. and Munson, J.},
title = {{Measuring software evolution}}, booktitle = {Proceedings
of the International Symposium on Software Metrics}, pages =
{41-51}, month = mar, year = 1996 }

@TECHREPORT{munson97mar, author = {Munson, J. and Elbaum, S.},
title = {{Software reliability as a measurement problem}},
institution = {University of Idaho}, type = {Technical Report},
number = {TR-CS-97-03}, month = mar, year = 1997, }

@INPROCEEDINGS{munson90, author = {Munson, J. and Khoshgoftaar,
T.}, title = {{The relative software complexity metric: A
validation study}}, booktitle = {Proceedings of the Software
Engineering Conference}, pages = {89-102}, year = 1990 }

@BOOK{neumann95, author = {Neumann, P.}, title = {Computer Related
Risks}, publisher = {Addison-Wesley Publishing Company}, address =
{New York, NY}, year = 1995 }

@MISC{netscapefeedback, author = {Netscape}, title = {Netscape
Quality Feedback System}, howpublished =
{{home.netscape.com/communicator/navigator/v4.5/qfs1.html}}, month
= aug, year = 2000 }

@TECHREPORT{netzer94, author = {Netzer, R. and Weaver, M.}, title
= {{Optimal tracing and incremental execution for debugging long
running programs}}, institution = {Brown University}, type =
{Technical Report}, number = {TR-CS9411}, month = mar, year = 1994
}

@INPROCEEDINGS{nikora98nov, author = {Nikora, A. and Munson, J.},
title = {{Determining fault insertion rates for evolving software
systems}}, booktitle = {{Proceedings of the International
Symposium of Software Reliability Engineering}}, month = nov, year
= 1998 }

@INPROCEEDINGS{nikora98, author = {Nikora, A. and Munson, J.},
title = {{Software evolution and the fault process}}, booktitle =
{{Proceedings of the Annual Software Engineering Workshop,
NASA/Goddard Space Flight Center}}, year = 1998 }

@PHDTHESIS{nikora98dis,
  author =       "Nikora, A.",
  title =        "Software system defect content prediction from
development process and product characteristics",
  school =       "University of Southern California",
  year =         "1998",
  type =         "Department of Computer Science",
  address =      "Los Angeles, CA",
  month =        "",
  keywords =     "reliability, software measurement",
}

@INPROCEEDINGS{olsson01, author = {Olsson, T. and Bauer, N. and
Runeson, P. and Bratthall, L.}, title = {{An Experiment on
Lead-Time Impact in Testing of Distributed Real-Time Systems}},
booktitle = {Proceedings of the International Symposium of
Software Metrics}, month = mar, year = 2001, pages = {159-169} }

@MISC{palm01, author = {Palm}, title = {Developing for the Palm
{OS}}, howpublished = {www.palmos.com/dev}, month = jul, year =
2001 }

@article{parnas72dec, author = {Parnas, D.L.}, title = {On the
criteria to be used in decomposing systems into modules}, journal
= {Communications of the ACM}, volume = 15, number = 12, pages =
{1053-1058}, month = dec, year = 1972 }

@INPROCEEDINGS{pavlopoulou99, author = {Pavlopoulou, C. and Young,
M.}, title = {{Residual Test Coverage Monitoring}}, booktitle =
{{Proceedings International Conference of Software Engineering}},
month = may, year = 1999, pages = {277-284} }

@MISC{peng93, author = {Peng, W. and Wallace, D.}, title =
{Software Error Analysis}, howpublished = {{NIST Special
Publication 500-209}}, month = mar, year = 1993 }

@MISC{perpetualtesting, author = {University of Massachusetts
Amherst and University of Oregon and University of California
Irvine}, title = {Perpetual Testing Project},
howpublished={{http://laser.cs.umass.edu/perptest/}}}


@INPROCEEDINGS{perry00, author = {Perry, D. and Porter, A. and
Votta, L.}, title = {{Empirical Software Engineering: A Roadmap}},
booktitle = {{Proceedings International Conference of Software
Engineering}}, month = may, year = 2000, pages = {345-355} }

@BOOK{peterson96, author = {Peterson, I.}, title = {Fatal Defect},
publisher = {Vintage Books}, address = {New York, NY}, year =
1996}

@BOOK{petroski92, author = {Petroski, H..}, title = {To Engineer
is Human}, publisher = {Vintage Books}, address = {New York, NY},
year = 1992}

@MISC{pine, author = {University of Washington}, title = {Pine
Information Center},
howpublished={{http://www.washington.edu/pine/}}}

@INPROCEEDINGS{piwowarski93may, author = {Piwowarski, P. and Ohba,
M. and Caruso, J.}, title = {{Coverage measurement experience
during function test}}, booktitle = {{Proceedings of the 15th
International Conference on Software Engineering}}, month = may,
year = 1993, }

@TECHREPORT{price98, author = {Price, N.}, title = {{New
techniques for replay debugging}}, institution = {Brown
University}, type = {Technical Report}, number = {TR-CS9800},
month = may, year = 1998 }


@inproceedings{raz02may,
    author = "Raz, O. and Koopman, P. and Shaw, M.",
    title = "Semantic Anomaly Detection in Online Data Sources",
    booktitle = "Proceedings of the International Conference on Software Engineering",
    publisher = "IEEE-ACM",
    pages = "",
    month=may,
    year = "2002"
}

@INPROCEEDINGS{reiss01, author = {Reiss, S. and Renieris, M.},
title = {{Encoding Program Executions}}, booktitle = {{Proceedings
of the International Conference of Software Engineering}}, month =
may, year = 2001, pages = {221-230} }

@inproceedings{reps97,
    author = "Reps, T. and Ball, T. and Das, M. and Larus, J.",
    title = "The Use of Program Profiling for Software Maintenance with Applications to the Year 2000 Problem",
    booktitle = "Proceedings of the~Sixth~European Software Engineering Conference~({ESEC}/{FSE} 97)",
    publisher = "Springer--Verlag",
    editor = "M. Jazayeri and H. Schauer",
    pages = "432--449",
    year = "1997"
}

@INPROCEEDINGS{ romer97,
    author = "T. Romer and G. Voelker and D. Lee and A. Wolman and W. Wong and H. Levy
      and B. Bershad and B. Chen",
    title = "Instrumentation and Optimization of Win32/Intel Executables Using Etch",
    booktitle="Proceedings of the USENIX Windows NT Workshop",
    pages = {1-8},
    month = aug,
    year = "1997"
}

@INPROCEEDINGS{rosenblum97octemp, author = {Rosenblum, D. and
Rothermel, G.}, title = {An empirical comparison of regression
test selection techniques}, booktitle = {{Proceedings of the
International Workshop for Empirical Studies of Software
Maintenance}}, month = oct, year = 1997, pages = {89-94} }

@ARTICLE{rosenblum97, author = {Rosenblum, D.S and Weyuker, E.J.},
title = {{Lessons Learned from Regression Testing Case Study}},
journal = {{Empirical Software Engineering Journal}}, volume = 2,
number = 2, pages={188-191}, year = {1997} }

@PHDTHESIS{rothermel96, author = {Rothermel, G.}, title =
{Efficient, Effective Regression Testing Using Safe Test Selection
Techniques}, school = {Clemson University}, type = {{Ph.D.}
Dissertation}, month = may, year = 1996}

@ARTICLE{rothermel01oct,
author = {Rothermel, G. and Untch, R. and Chu, C. and Harrold, M. J.},
title = {{Prioritizing test cases for regression testing}},
journal = {{IEEE Transactions on Software Engineering}},
volume = 27,
number = 10,
pages = {929-948},
month = oct,
year = 2001
}

@INPROCEEDINGS{rothermel96nov, author = {Rothermel, G. and
Harrold, M.}, title = {Experience with regression test selection},
booktitle = {{Workshop on Empirical Studies of Software
Maintenance}}, month = nov, year = 1996 }

@INPROCEEDINGS{rothermel02may, author = {Rothermel, G. and Elbaum,
S. and Malishevsky, A. and P. Kallakuri and B. Davia}, title="The
Impact of Test Suite Granularity on the Cost-Effectiveness of
Regression Testing", 
booktitle = {Proceedings of the International Conference
on Software Engineering }, 
pages={}, month = may, year
= 2002 }

@BOOK{rumbaugh98, author = {Rumbaugh, J. and Jacobson, I. and
Booch, G.}, title = {The Unified Modeling Language reference
manual}, publisher = {Addison Wesley}, address = {Reading, MA},
year = 1998}

@article{savage97,
    author = "Savage, S. and Burrows, M. and Nelson, G. and Sobalvarro, P. and Anderson, T.",
    title = "{Eraser}: {A} Dynamic Data Race Detector for Multithreaded Programs",
    journal = "ACM Transactions on Computer Systems",
    volume = "15",
    number = "4",
    pages = "391--411",
    year = "1997"
}

@BOOK{sahner96, author = {Sahner, R. and Trivedi, K. and
Puliafito, A.}, title = {Performance and Reliability Analysis of
Computer Systems}, publisher = {Kluwer Academic Publishers},
address = {Norwell, MA}, year = 1996}

@article{sharon96, author = {Sharon, D.}, title ={Meeting the
Challenge of Software Maintenance}, month = jan, year = {1996},
pages = {122-125}, journal = {IEEE Software}}

@inproceedings{shaw00,
    author = "Shaw, M.",
    title = "Software engineering education: a roadmap",
    booktitle = "International Software Engineering Conference - Future of Software Engineering",
    pages = "371-380",
    year = "2000",
}

@BOOK{stallman90feb, author = {Stallman, R.}, title = {Using and
porting GNU CC}, publisher = {Free Software Foundation, Inc.},
address = {Cambridge, MA}, year = 1990, }

@INPROCEEDINGS{stevens00, author = {Stevens, J. and Chandra, P.
and Podgurski, A.}, title = {{jRapture: A Capture/Replay Tool for
Observation-Based Testing}}, booktitle = {{Proceedings of the
International Symposium of Software Testing and Analysis}}, month
= aug, year = 2000, pages = {158-167} }

@inproceedings{tewary94nov, author = {Tewary, K. and Harrold, M.},
title = {Fault modeling using the program dependence graph},
booktitle = {IEEE International Symposium on Software
Reliability}, pages = {126-135}, month = nov, year = 1994, }

@ARTICLE{tichy98, author={Tichy, W.}, title={Should computer
scientists experiment more?}, journal="IEEE Computer", volume=31,
number=5, month= may, year=1998, pages={32-40}}

@ARTICLE{tip95, author={Tip, F.}, title={A Survey of Slicing
Techniques}, journal={Journal of Programming Languages}, volume=3,
number=3, month= sep, year=1995, pages={121-189}}

@MISC{traceback, author = {InCert}, title = {Rapid Failure
Recovery to eliminate application downtime}, howpublished =
{www.incert.com}, month = jun, year = 2001 }

@BOOK{tsai95, author = {Tsai, J. and Yang, S.}, title =
{Monitoring and Debugging of Distributed Real-Time Systems},
publisher = {IEEE Computer Society Press}, address = {Los
Alamitos, CA}, year = 1995, }

@article{tsai90, author = "Tsai, J. and Fang, K. and Chen, H.",
title = "A non-interference monitoring and replay mechanism for
real-time software testing and debugging",
journal = {{IEEE Transactions on Software Engineering}},
volume = 16, number = 8,
pages={897-916}, month =aug, year = 1990}

@INCOLLECTION{verner93, author = {Verner, J. and Todd, E.}, title
= {{Experiences with the organization and assessment of group
software development projects}}, editor = {Barta, B. Z. and Hung,
S. L. and Cox, K. R.}, booktitle = {Software Engineering Education
(A-40), IFIP Transactions}, pages = {309-315}, publisher =
{Elsevier Science B.V.}, address = {North Holland}, year = 1993, }

@INPROCEEDINGS{voas00jun, author = "Voas, J.", title = "Deriving
Accurate Operational Profiles for Mass Marketed Software",
booktitle=
"http://wwwsel.iit.nrc.ca/projects/cots/icse2000wkshp/Papers/7.pdf",
month=jun, year=2000}

@INPROCEEDINGS{vonmayrhauser94sep, author = {von Mayrhauser, A.
and Mraz, R. T. and Walls, J.}, title = {{Domain based regression
testing}}, booktitle = {{Proceedings of the Conference on Software
Maintenance - 1994}}, pages = {26-35}, month = sep, year = 1994 }

@INPROCEEDINGS{wallace97, author = {Wallace, D. and Ippolito, L.
and Hecht, H.}, title = {Error, Fault and Failure Data Collection
and Analysis}, booktitle = {hissa.nist.gov/eff/qweff.html}, month
= may, year = 1997,
 }

@article{weiser82jul, author = {Weiser, M.}, title = {Programmers
use slices when debugging}, journal = {Communications of the ACM},
volume = 25, number = 7, pages = {446-452}, month = jul, year =
1982 }

@article{weyuker96, author = {Weyuker, E.}, title = {Using Failure
Cost Information for Testing and Reliability Assessment}, journal
={ACM Transactions on Software Engineering and Methodology},
volume = 5, number = 2, pages = {87-98}, month = apr, year = 1996
}

@article{weiser84jul, author =  {Weiser, M.}, title = {Program
slicing},
journal = {{IEEE Transactions on Software Engineering}},
volume = 10, number = 4, pages = {352--357}, month = jul, year =
1984, }

@BOOK{west97, author = {West, M. and Harrison, J.}, title =
{Bayesian Forecasting and Dynamic Models}, publisher = {Springer
Verlag }, address = {New York, NY}, year = 1997 }

@article{weyuker82, author = {Weyuker, E.}, title = {On testing
non-testable programs}, journal = {The Computer Journal}, volume =
{15}, number = {4}, pages = {465-470}, year = 1982, }

@article{weyuker86dec, author = {Weyuker, E. }, title =
{Axiomatizing software test data adequacy}, journal = ieeese,
volume = {SE-12}, pages = {1128-1138}, month = dec, year = 1986 }

@article{weyuker79, author = {Weyuker, E. }, title = {The
applicability of program schema results to programs}, journal =
{{International Journal of Computer and Information Science}},
volume = 8, year = 1979, pages = {387-403}, }

@MISC{weyukerissta, author = {Weyuker, E. }, title = {Empirical
techniques for assessing testing strategies}, howpublished =
{{(Panel discussion at the International Symposium on Software
Testing and Analysis)}}, month = aug, year = 1994, }

@incollection{white87, author = {L. White}, title = {Software
Testing and Verification}, booktitle = {Advances in Computers},
pages = {335-390}, publisher = {Academic Press, Inc}, address =
{Boston, MA}, year = 1987, editor = {Marshall C. Yovits} }

@ARTICLE{wilde95, author={Wilde, N. and Scully, M.},
title={Software Reconnaissance: Mapping Program Features to Code},
journal={Journal of Software Maintenance: Research and Practice},
volume=7, number=1, month= jan, year=1995, pages={49-62}}

@MISC{windowscrash00, author={Open Systems Resources, Inc.},
title={Crash Dump Facility - CDF - },
howpublished={www.osr.com/toolkits\_cdf.shtml}, month=jan,
year=2000}

@article{wirth71apr, author = {Wirth, N.}, title = {Program
development by stepwise refinement}, journal = {Communications of
the ACM}, volume = 14, number = 4, pages = {221-227}, month = apr,
year = 1971 }

@INPROCEEDINGS{wood97, author = {Wood, M. and Roper, M. and
Brooks, A. and Miller, J.}, title = {{Comparing and combining
software defect detection techniques: a replicated empirical
study}}, booktitle = {Proceedings of the European Software
Engineering Conference}, pages = {262-277}, month = sept, year =
1997 }

@BOOK{wolfram91, author = {Wolfram, S.}, title = {Mathematica: A
System for Doing Mathematics on a Computer}, edition = {Second},
publisher = {Addison-Wesley}, address = {Reading, MA}, year =
{1991}, }

@UNPUBLISHED{wu95, author = {Wu, W.}, title = {{Safe and precise
test case selection in regression testing}}, note = {(Unpublished
paper)}, month = jan, year = 1995 }

@ARTICLE{yang91jul, author = {Yang, W.}, title = {{Identifying
syntactic differences between two programs}}, journal = spe,
volume = 21, number = 7, month = jul, year = 1991, pages =
{739-755}, }

@ARTICLE{yang92jul, author = {Yang, W. and Horwitz, S. and Reps,
T.}, title = {{A program integration algorithm that accomodates
semantics-preserving transformations}}, journal = {ACM
Transactions on Software Engineering and Methodology}, volume = 1,
number = 3, month = jul, year = 1992, pages = {311-54} }

@INPROCEEDINGS{zelkowitz01, author = {Zelkowitz, M. and Rus, I.},
title = {{Understanding IV \& V in a Safety Critical and Complex
Evolutionary Environment:}{ The NASA Space Shuttle Program}},
booktitle = {{Proceedings International Conference of Software
Engineering}}, month = may, year = 2001, pages = {349-357} }

@ARTICLE{zelkowitz98, author={Zelkowitz, M. and Wallace, D.},
title={Experimental models for validating computer technology},
journal="IEEE Computer", volume=31, number=5, month= may,
year=1998, pages={23-31}}

@BOOK{zuse98, author = {Zuse, H.}, title = {A Framework of
Software Measurement}, publisher = {Walter de Gruyter}, address =
{New York, NY}, year = 1998 }

@ARTICLE{zweben92, author = {Zweben, S. and Heym, W. and Kimmich,
J.}, title = {{Systematic testing of data abstractions based on
software specifications}}, journal = {{Journal of Software
Testing, Verification and Reliability}}, volume = 1, number = 4,
pages = {39-55}, year = 1992 }


@ARTICLE{elbaum04sep, 
author = {S. Elbaum and G. Rothermel and S. Kanduri and A. G. Malishevsky}, 
title = {{Selecting a cost-effective test case prioritization technique}}, 
journal ={{Software Quality Journal}},
pages ={},
volume=12,
number=3,
year = "2004"}


@article{boehm76dec,
author = {Boehm, B. W.},
title = {{Software engineering}},
journal = {{IEEE Transactions on Computers}},
volume = {C-25}, 
number = 12,
month = dec,     
year = 1976,
pages = {1226-1241}
}

@BOOK{lientz80,
author = {Lientz, B. P. and Swanson, E. B.},
title = {{Software Maintenance Management: A Study of the Maintenance of Computer Applications Software in 487 Data Processing Organizations}},
publisher = {Addison-Wesley},
address = {Reading, MA},
year = {1980},
}

@article{nosek90,
author = {Nosek, J. T. and Palvia, P.}, 
title = {{Software maintenance management: Changes in the last decade}}, 
journal = {{Journal of Software Maintenance Research and Practice}},
volume = 2, 
year = 1990,
pages = {157-174}
}

@ARTICLE{martinig96oct,
author = {Martinig, F.},
title = {{Software testing: Poor consideration.}},
journal = {{Testing Techniques Newsletter}},
publisher = {{Software Research, Inc.}},
month = oct,
year = 1996,
}


@ARTICLE{elbaum03jun,
author = {S. Elbaum and P. Kallakuri and A. G. Malishevsky and G. Rothermel and S. Kanduri}, 
title = {{Understanding the effects of changes on the cost-effectiveness
of regression testing techniques}}, 
journal = {{Journal of Software Testing, Verification, and Reliability}},
volume = {13}, 
number = {2},
month = jun, 
year = 2003,     
pages = {65-83}  
}

@INPROCEEDINGS{law03may, 
author = {J. Law and G. Rothermel}, 
title = {Whole program path-based dynamic impact analysis},
booktitle = {{Proceedings of the International Conference on Software Engineering}}, 
pages = {208-318}, 
month = may,     
year = 2003 
}

@INPROCEEDINGS{orso04may,
author = {Orso, A. and Apiwattanapong, T. and Law, J. and Rothermel, G. and Harrold, M. J.},
title = {{An empirical comparison of dynamic impact analysis algorithms}},
booktitle = {Proceedings of the International Conference on Software Engineering},
year = 2004,
month = may
}

@INPROCEEDINGS{law03nov,
author = {Law, J. and Rothermel, G.},
title = {{Incremental dynamic impact analysis for evolving software systems}},
booktitle = {Proceedings of the International Symposium on Software Reliability Engineering}, 
year = 2003,
month = nov
}

@misc{aristotle,
key = {aristotle},
author = {{Aristotle Research Group -- College of Computing, 
Georgia Institute of Technology}},
title = {\textsc{Aristotle}: {S}oftware {E}ngineering {T}ools},
howpublished = {\url{http://www.cc.gatech.edu/aristotle/Tools/}},
year = {2001},
}

@INPROCEEDINGS{sinha99may,
author = {Sinha, S. and Harrold, M. J. and Rothermel, G.},
title = {{System-dependence-graph-based slicing of programs with arbitrary 
interprocedural control flow}},
booktitle = {{Proceedings of the International Conference on Software Engineering}},
month = may,
year = 1999,
}

@article{harrold93julcdg,
author = {Harrold, M. J. and Jones, J. A. and Rothermel, G.},
title = {{Empirical studies of control dependence graph size for C programs}},
journal = {{Empirical Software Engineering Journal}},
volume = 3,
number = 2,
pages = {203-211},
month = jul,
year = 1993
}

@INPROCEEDINGS{harrold98mar,
author = {Harrold, M. J. and Rothermel, G. and Sinha, S.},
title = {{Computation of interprocedural control dependence}},
booktitle = {{Proceedings of the International Symposium on Software Testing
 and Analysis}},
month = mar,
pages = {11-21},
year = 1998,
}

@article{sinha01apr,
author = {Sinha, S. and Harrold, M. J. and Rothermel, G.},
title = {{Computation of interprocedural control dependencies}},
journal = {{ACM Transactions on Software Engineering and Methodology}},
volume = 10,
number = 2,
month = apr,
year = 2001,
pages = {209-254}
}

@article{harrold00sep,
author = {Harrold, M. J. and Rothermel, G. and Sayre, K. and Wu, R. and Yi, L.},
title = {{An empirical investigation of the relationship between fault-revealing
 test behavior and differences in program spectra}},
journal = {{Journal of Software Testing, Verification, and Reliability}},
volume = 10,
number = 3,
month = sep,
year = 2000
}

@INPROCEEDINGS{harrold98jun,
author = {Harrold, M. J. and Rothermel, G. and Wu, R. and Yi, L.},
title = {{An empirical investigation of program spectra}},
booktitle = {{Proceedings of the Workshop on Program Analysis 
for Software Tools and Engineering}},
month = jun,
pages = {83-90},
year = 1998
}

@INPROCEEDINGS{do98apr,
author = {Do, H. and Bae, S. and Kim, S.},
title = {{INAP protocol test suite verification method using 
the IUT simulator for AIN system conformance testing}},
booktitle = {{Lecture Notes in Computer Science, Springer}},
month = apr,
pages = {106-116},
year = 1998
}

@INPROCEEDINGS{do97jul,
author = {Do, H. and Bae, S. and Kim, S.},
title = {{AIN protocol conformance test suite Generation 
using formal methods}},
booktitle = {{Lecture Notes in Computer Science, Springer}},
month = jul,
year = 1997
}

@INPROCEEDINGS{do96nov,
author = {Do, H.},
title = {A design and analysis of telecommunication protocol using
object-oriented methodology},
booktitle = {{The sixth workshop on Synthesis and System Integration of
Mixed Technologies}},
month = nov,
year = 1996
}

@INPROCEEDINGS{do06nov,
author = {Do, H. and Rothermel, G.},
title = {{An empirical study of regression testing techniques 
incorporating context and lifecycle factors and improved cost-benefit models}},
booktitle = {{Proceedings of the ACM SIGSOFT Symposium on Foundations of Software Engineering}}, 
month = nov,
year = 2006
}

@article{do06sep,
author = {Do, H. and Rothermel, G.},
title = {{On the use of mutation faults in empirical assessments of 
test case prioritization techniques}},
journal = {{IEEE Transactions on Software Engineering}},
volume = 32,
number = 9,
month = sep,
year = 2006,
pages = {733-752}
}

@article{do10sep,
author = {Do, H. and Mirarab, S. and Tahvildari, L. and Rothermel, G.},
title = {{The effects of time constraints on test case prioritization:
  A series of controlled experiments}},
journal = {{IEEE Transactions on Software Engineering}},
volume = 26,
number = 5,
year = 2010,
month = sep
}

@article{orso06dec,
author = {Orso, A. and Do, H. and Rothermel, G. and Harrold, M. J. and Rosenblum, D.},
title = {{Using component metadata to regression test component-based software}},
journal = {{Journal of Software Testing, Verification, and Reliability}},
volume = 17,
number = 2,
month = jun,
year = 2007,
pages = {61-94}
}

@article{kim05dec,
author = {Kim, J. M. and Porter, A. and Rothermel, G.},
title = {{An empirical study of regression test application frequency}},
journal = {{Journal of Software Testing, Verification, and Reliability}},
volume = 15,
number = 4,
month = dec,
pages = {257-279},
year = 2005
}

@BOOK{johnson92,
author = {Johnson, R. and Wichem, D.},
title = {Applied Multi-Variate Statistical Analysis},
publisher = {Prentice-Hall},
year = {1992}
}

@MISC{ciscotalk,
author = {Langlois, M.},
title = {{CISCO Software Quality}},
howpublished = {{(Keynote Address at the International 
Symposium on Software Reliability Engineering)}},
month = nov,
year = 2004,
}

@INPROCEEDINGS{kapfhammer06jul,
author = {Walcott, K. and Kapfhammer, G. and Roos, R. and Soffa, M. L.},
title = {{Time-aware test suite prioritization}},
booktitle = {{Proceedings of the International Symposium on Software Testing
 and Analysis}},
month = jul,
year = 2006
}

@ARTICLE{telang07,
author = {Telang, R and Wattal, S},
title = {{An empirical analysis of the impact of software vulnerability
announcements on firm stock proce}},
journal = {{IEEE Transactions on Software Engineering}},
volume = {33},
number = {8},
month = aug,
year = 2007,
pages = {544-557}
}

@misc{jboss,
  key = "jboss",
  howpublished = "http://jboss.org" }

@misc{carrot,	
	howpublished = "https://carrotcakecms.codeplex.com",
	url = {https://carrotcakecms.codeplex.com/},
	urldate = {2016-04-04},
	note = {[\relax{Accessed: April. 26, 2016}]}
}


@misc{Selenium,	
	howpublished = "http://www.seleniumhq.org/",
	url = {http://www.seleniumhq.org//},
	urldate = {2016-07-30},
	note = {[\relax{Accessed: July. 30, 2016}]}
}

@INPROCEEDINGS{korel07,
author = {Korel, B. and Koutsogiannakis, G. and Tahat, L.},
title = {{Model-based test prioritization heuristic methods 
and their evaluation}},
booktitle = {Proceedings of Advances in Model Based Testing}, 
month = jul,
year = 2007
}

@INPROCEEDINGS{malaiya98,
author = {Malaiya, Y. and Denton, J.},
title = {{Estimating the number of residual defects}},
booktitle = {Proceedings of High Assurance Systems Engineering 
Symposium}, 
month = nov,
year = 1998
}

@BOOK{saaty80,
author = {Saaty, T. L.},
title = {The Analytic Hierarchy Process},
publisher = {McGraw-Hill},
year = {1980}
}

@INPROCEEDINGS{do08nov,
author = {Do, H. and Mirarab, S. and Tahvildari, L. and Rothermel, G.}, 
title = {{An empirical study of the effect of time constraints 
on the cost-benefits of regression testing}},
booktitle = {{Proceedings of the ACM SIGSOFT Symposium 
on Foundations of Software Engineering}},
month = nov,
pages = {71-82},
year = 2008
}

@INPROCEEDINGS{koesnandar08nov,
author = {Koesnandar, A. and Elbaum, S. and Rothermel, G. and Hochstein, L. and
Thomasset, K. and Scaffidi, C.},
title = {{Using assertions to help end-user programmers create 
dependable web macros}},
booktitle = {{Proceedings of the ACM SIGSOFT Symposium on 
Foundations of Software Engineering}},
month = nov,
pages = {124-134},
year = 2008
}

@INPROCEEDINGS{kinneer08oct,
author = {Kinneer, K. and Rothermel, G.},
title = {{Assessing the usefulness of type inference algorithms in 
representing Java control flow to support software maintenance tasks}},
booktitle = {{Proceedings of the International Conference on Software Maintenance}},
month = oct,
pages = {127-136},
year = 2008
}

@INPROCEEDINGS{qu08jul,
author = {Qu, X. and Cohen, M. and Rothermel, G.},
title = {{Configuration-aware regression testing: An empirical 
study of sampling and prioritization}},
booktitle = {{Proceedings of the International Conference 
on Software Testing and Analysis}},
month = jul,
pages = {75-86},
year = 2008
}

@INPROCEEDINGS{do08jul,
author = {Do, H. and Rothermel, G.},
title = {{Using sensitivity analysis to create simplified 
economic models for regression testing}},
booktitle = {{Proceedings of the International Conference 
on Software Testing and Analysis}},
month = jul,
pages = {51-62},
year = 2008
}

@INPROCEEDINGS{ruthruff08may,
author = {Ruthruff, J. and Penix, J. and Morgenthaler, M.
and Elbaum, S. and Rothermel, G.},
title = {{Predicting accurate and actionable static analysis warnings: 
An experimental approach}},
booktitle = {{Proceedings of the International Conference 
on Software Engineering}},
month = may,
pages = {341-350},
year = 2008
}

@BOOK{tan06,
author = {Tan, P. and Steinbach, M. and Kumar, V.},
title = {Introduction to Data Mining},
publisher = {Addison-Wesley},
year = {2006}
}

@BOOK{kaner02,
author = {Kaner, Bach and pettichord},
title = {Lessons Learned in Software Testing},
publisher = {Wiley Computer Publishing},
year = {2002},
page = {95}
}

@INPROCEEDINGS{zimmermann04,
author = {Zimmermann, T. and Weibgerber, P. and Diehl, S. and Zeller, A.},
title = {{Mining versions histories to guide software changes}},
booktitle = {{Proceedings of the International Conference 
on Software Engineering}},
month = may,
pages = {563-572},
year = 2004
}

@INPROCEEDINGS{zimmermann08,
author = {Zimmermann, T. and Nagappan, N.},
title = {{Predicting defects using network analysis on dependency graphs}},
booktitle = {{Proceedings of the International Conference 
on Software Engineering}},
pages = {531-540},
year = 2008
}

@INPROCEEDINGS{nagappan06,
author = {Nagappan, N. and Ball, T. and Zeller, A.},
title = {{Mining metrics to predict component failures}},
booktitle = {{Proceedings of the International Conference 
on Software Engineering}},
month = may,
year = 2006
}

@INPROCEEDINGS{nagappan07,
author = {Nagappan, N. and Ball, T.},
title = {{Using Software Dependencies and Churn Metrics to Predict Field Failures: An Empirical Case Study}},
booktitle = {{International Symposium on Empirical Software Engineering and Measurement}},
year = 2007,
pages = {364-373}
}

@INPROCEEDINGS{livshits05,
author = {Livshits, B. and Zimmermann, T.},
title = {{DataMine: Finding common error patterns by mining 
software revision histories}}, 
booktitle = {{International Symposium
on Foundations of Software Engineering}},
month = sep,
pages = {296-305},
year = 2005
}

@INPROCEEDINGS{steiguer03,
author = {J. E. Steiguer and J. Duberstein and V. Lopes},
title = {The Analytic Hierarchy Process as a Means for 
Integrated Watershed Management},
booktitle = {{Interagency Conference on Research on the Watersheds}},
month = oct,
pages = {736-740},
year = 2003
}

@ARTICLE{dey03,
author = {Dey, P. K.},
title = {{Analytic hierarchy process analyzes risk of 
operating cross-country petroleum pipelines in India}},
journal = {{Natural Hazards Review}},
volume = {4},
number = {4},
year = 2003,
pages = {213-221}
}

@misc{mccaffrey05,
author = {McCaffrey, J.},
title = {{Test Run: The Analytic Hierarchy Process}},
booktitle = {{MSDN Magazine}},
month = jun,
year = 2005
}

@INPROCEEDINGS{apiwattanapong06,
author = {Apiwattanapong, T. and Santelices, R. 
and Chittimalli, P. K. and Orso, A. and Harrold, M. J.},
title = {{MATRIX: Maintenance-oriented testing requirements
identifier and examiner}},
booktitle = {{Proceedings of the Testing: Academic and Industrial Conference}},
pages = {137-146},
year = 2006
}

@INPROCEEDINGS{santelices08,
author = {Santelices, R. and Chittimalli, P. K. and Apiwattanapong, T.
and Orso, A. and Harrold, M. J.},
title = {{Test-suite augmentation for evolving software}},
booktitle = {{Proceedings of IEEE/ACM International Conference on Automated Software Engineering}},
month = sep,
year = 2008
}

@ARTICLE{gupta96jun,
author = {Gupta, R. and Harrold, M. and Soffa, M.},
title = {{Program slicing-based regression testing techniques}},
journal = {{Journal of Software Testing, Verification, and Reliability}},
volume = 6,
number = 2,
month = jun,
pages = {270-285},
year = 1996
}

@MASTERSTHESIS{nagahawatte08, 
author = {Nagahawatte, P.}, 
title = {The effects of residual defects on the cost-effectiveness
of regression testing techniques}, 
school = {North Dakota State University}, 
type = {{MS} 
Paper}, 
month = dec, 
year = 2008 
}

@INPROCEEDINGS{yoo07,
author = {Yoo, S. and Harman, M.},
title = {{Pareto efficient multi-objective test case selection}},
booktitle = {{Proceedings of the International Conference
on Software Testing and Analysis}},
month = jul,
pages = {140-150},
year = 2007
}

@inproceedings{ruth07,
author = {Ruth, M. and Oh, S. and Loup, A. and Horton, B. and
Gallet, O. and Mata, M and Tu, S.},
title = {Towards automatic regression test selection for web services},
booktitle = {{Proceedings of the 31st Annual International Computer 
Software and Applications Conference}},
pages = {729-736},
month = aug,
year = 2007,
}

@INPROCEEDINGS{walcott06,
author = {Walcott, A. and Soffa, M. L. and Kapfhammer, G. M. and Roos, R. S.},
title = {{Time-aware test suite prioritization}},
booktitle = {{Proceedings of the International Conference
on Software Testing and Analysis}},
month = jul,
pages = {1-12},
year = 2006,
}

@ARTICLE{li07,
author = {Li, Z. and Harman, M. and Hierons, R.},
title = {{Search algorithms for regression test case prioritization}},
journal = {{IEEE Transactions on Software Engineering}},
month = apr,
year = 2007,
volume = 33,
number = 4,
pages = {225--237}
}

@inproceedings{leon03nov,
author = {D. Leon and A. Podgurski},
title = {A comparison of coverage-based and distribution-based techniques
for filtering and prioritizing test cases},
booktitle = {{Proceedings of the International
Symposium on Software Reliability Engineering}},
pages = {442-453},
month = nov,
year = 2003,
}

@ARTICLE{memon01feb,
author = {Memon, A. and Pollack, M. and Soffa, M.},
title = {{Hierarchical GUI test case generation using automated planning}},
journal = {{IEEE Transactions on Software Engineering}},
volume = {27},
number = {2},
month = feb,
year = 2001,
pages = {}
}

@INPROCEEDINGS{ostrand07jul,
  author = {{T. Ostrand, E. Weyuker, and R. Bell}},
  title = {{Automating algorithms for the identification of fault-prone files}},
  booktitle = {Proceedings of the International Symposium on
               Software Testing and Reliability},
  month = jul,
  year =  2007,
  pages = {219-227}
}

@ARTICLE{ostrand05apr,
  author = {{T. Ostrand, E. Weyuker, and R. Bell}},
  title = {{Predicting the location and number of faults in
            large software systems}},
  journal = {IEEE Transactions on Software Engineering},
  month = apr,
  volume = 31,
  number = 4,
  pages = {340-355},
  year =  2005
}


@INPROCEEDINGS{harrold08sep,
  author = {{M. J. Harrold and A. Orso}},
  title = {{Retesting software during development and maintenance}},
  booktitle = {Proceedings of the International Conference on
               Software Maintenance: Frontiers of Software Maintenance},
  month = sep,
  year =  2008,
  pages = {88-108}
}

@INPROCEEDINGS{chang99sep,
author = {Chang, J. and Richardson, D.},
title = {Structural specification-based testing: Automated support and experimental evaluation},
booktitle = {Proceedings of the ACM Symposium on Foundations of Software Engineering},
month = sep,
year = 1999,
pages = {285-302}
}

@INPROCEEDINGS{marinov01nov,
author = {Marinov, D. and Khurshid, S.},
title = {{TestEra: A novel framework for automated testing of Java programs}},
booktitle = {Proceedings of the International Conference on Automated Software Engineering},
month = nov,
year = 2001
}

@INPROCEEDINGS{offut99oct,
author = {Offutt, J. and Abdurazik, A.},
title =  {{Generating tests from UML specifications}},
booktitle = {Proceedings of the International Conference 
on the Unified Modeling Language},
month =  oct,
year = 1999
}

@INPROCEEDINGS{hartman03dec,
author = {Hartman, A. and Nagin, K.},
title = { Model driven testing - AGEDIS architecture interfaces and tools},
booktitle = {1st European Conference on Model Driven Software Engineering},
month = dec,
year = 2003,
pages = {1-11}
}

@INPROCEEDINGS{visser04jul,
author = {Visser, W. and Pasareanu, C. and Khurshid, S.},
title = {{Test input generation with Java Pathfinder}},
booktitle = {Proceedings of the ACM International Symposium on Software Testing and Analysis},
month =jul,
year = 2004,
pages = {97-107}
}

@ARTICLE{bird83,
author = {Bird, D. and Munoz, C.},
title = {{Automatic generation of random self-checking test cases}},
journal = {{IBM Systems Journal}},
volume = 22,
number = 3,
year = 1983,
pages = {229-245}
}

@ARTICLE{clarke76sep,
author = {Clarke, L.},
title = {A system to generate test data and symbolically execute programs},
journal = {{IEEE Transactions on Software Engineering}},
volume = 2,
number = 3,
month = sep,
year = 1976,
pages = {215-222}
}

@ARTICLE{demillo91sep,
author = {DeMillo, R. and Offutt, A.},
title = {{Constraint-based automatic test data generation}},
journal = {{IEEE Transactions on Software Engineering}},
volume = 17,
number = 9,
month = sep,
year = 1991,
pages = {900-910}
}

@INPROCEEDINGS{gotlieb98mar,
author = {Gotlieb, A. and Botella, B. and Reuher, M.},
title = {{Automatic test data generation using constraint solving techniques}},
booktitle= {{Proceedings of the ACM International Symposium on Software Testing and Analysis}},
month = mar,
year = 1998,
pages = {53-62}
}

@ARTICLE{jones96sep,
author = {Jones, B.  and Sthamer, H.  and Eyres, D. },
title = {{Automatic structural testing using genetic algorithms}},
journal = {{Software Engineering Journal}},
month = sep,
year = 1996,
pages = {299-306}
}

@ARTICLE{korel90aug,
author = {Korel, B.},
title = {{Automated software test data generation}},
journal = {{IEEE Transactions on Software Engineering}},
volume = 16,
number = 8,
month = aug,
year = 1990,
pages = {870-897}
}

@ARTICLE{offut91nov,
author = {Offutt, A. },
title = {{An integrated automatic test data generation system}},
journal = {{Journal of Systems Integration}},
volume = 1,
number = 3,
year = 1991,
month = nov,
pages = {391-409}
}

@INPROCEEDINGS{korel90nov,
author = {Korel, B.},
title = {{A dynamic approach of automated test data generation}},
booktitle = {{Proceedings of the International Conference on Software Maintenance}},
month = nov,
year = 1990,
pages = {311-317}
}

@INPROCEEDINGS{baresel04jul,
author = {Baresel, A. and Binkley, D. and Harman, M. and Korel, B.},
title = {Evolutionary testing in the presence of loop-assigned flags: a testability transformation approach},
booktitle = {Proceedings of the International Symposium on Software Testing and Analysis},
month = jul,
year = 2004,
pages = {108-118}
}

@ARTICLE{michael01dec,
author = {C. Michael and G. McGraw and M. Shatz},
title = {Generating software test data by evolution},
journal = {IEEE Transactions on Software Engineering},
volume = 27,
number = 12,
month = dec,
year = 2001,
pages = {1085-1110}
}

@inproceedings{apiwattanapong06aug,
author = {Apiwattanapong, T. and Santelices, R. and Chittimalli, P. K.
and Orso, A. and Harrold, M. J.},
title = {{Matrix: Maintenance-oriented testing
requirements identifier and examiner}},
booktitle = {Testing: Academic and Industrial Conference in 
Practical Research on Techniques},
pages = {137-146},
month = Aug,
year = {2006}
}

@inproceedings{santelices08sep,
author = {Santelices, R. and Chittimalli, P. K. and Apiwattanapong, T. 
and Orso, A. and Harrold, M. J.},
title = {{Test-suite augmentation for evolving software}},
booktitle = {Proceedings of the International Conference 
on Automated Software Engineering},
month = sep,
year = {2008}
}

@inproceedings{person08nov,
author = {Person, S. and Dwyer, M. B. and Elbaum, S. and 
P$\breve{a}$s$\breve{a}$reanu, C. S.},
title = {Differential symbolic execution},
booktitle = {Proceedings of the International Symposium
on Foundations of Software Engineering},
month = nov,
year = {2008}
}

@article{diaz08,
author = {D\'{\i}az, E. and Tuya, J. and Blanco, R. and Javier D., J.},
title = {A Tabu Search Algorithm for Structural Software Testing},
journal = {Computational and Operational Research},
year = {2008},
volume = {35},
number = {10},
pages = {3052-3072}
}

@ARTICLE{pargas99sep,
author = {Pargas, R. and Harrold, M. J. and Peck, R.},
title = {Test-data generation using genetic algorithms},
journal = {Software Testing, Verification and Reliability},
year = {1999},
month = sep,
volume = {9},
pages = {263--282}
}

@article{waeselynck07,
author = {Waeselynck, H. and Th\'evenod-Fosse, P. and Abdellatif-Kaddour, O.},
title = {Simulated Annealing Applied to Test Generation: Landscape Characterization and Stopping Criteria},
journal = {Empirical Software Engineering},
year = {2007},
volume = {12},
number = {1},
pages = {35-63}
}

@inproceedings{godefroit05jun,
author = {Godefroid, P. and Klarlund, N. and Sen, K.},
booktitle = {Proceedings of the Conference on Programming
Language Design and Implementation},
month = jun,
pages = {213--223},
title = {{DART: Directed automated random testing}},
year = {2005}
}

@inproceedings{sen05sep,
author = {Sen, K. and Marinov, D. and Agha, G.},
booktitle = {Proceedings of the International 
Symposium on Foundations of Software Engineering},
pages = {263--272},
title = {{CUTE: A concolic unit testing engine for C}},
year = {2005},
month=sep
}

@inproceedings{emmi07jul,
author = {Emmi, M. and Majumdar, R. and Sen, K.},
title = {Dynamic test input generation for database applications},
booktitle = {Proceedings of the International Symposium on
Software Testing and Analysis},
year = {2007},
month = jul,
pages = {151--162}
}

@inproceedings{wassermann08jul,
author = {Wassermann, G. and Yu, D. and Chander, A. and Dhurjati, D. and Inamura, H. and Su, Z.},
title = {Dynamic test input generation for web applications},
booktitle = {Proceedings of the International 
Symposium on Software Testing and Analysis},
year = {2008},
month = jul,
pages = {249--260}
}

@inproceedings{artzi08jul,
author = {Artzi, S. and Kiezun, A. and Dolby, J. and Tip, F. 
and Dig, D. and Paradkar, A. and Ernst, M. D.},
title = {Finding bugs in dynamic web applications},
booktitle = {Proceedings of the International 
Symposium on Software Testing and Analysis},
year = {2008},
month = jul
}

@inproceedings{jcute,
author = {Sen, K. and Agha, G.},
booktitle = {Proceedings of the International 
Conference on Computer Aided Verification},
pages = {419--423},
title = {{JCUTE: Concolic unit testing and explicit path model-checking tools}},
year = {2006},
month={Aug}
}

@inproceedings{cadar06exe,
author = {Cadar, C. and Ganesh, V. and Pawlowski, P. M. and Dill, D. L.  
and Engler, D. R.},
booktitle = {Proceedings of the ACM Conference on Computer and Communications Security},
pages = {322--335},
title = {EXE: Automatically generating inputs of death},
year = {2006}, 
month={Oct}
}

@article{kouchakpour07,
author = {Kouchakpour, P. and Zaknich, A. and Br\"{a}unl, T.},
title = {Population variation in genetic programming},
journal = {Information Science},
volume = {177},
number = {17},
year = {2007},
pages = {3438--3452}
}

@article{odetayo97,
author = {Odetayo, M. O.},
title = {Empirical study of the interdependencies of genetic algorithm
parameters},
journal ={EUROMICRO Conference},
year = {1997},
pages = {639}
}

@techreport{burnim08sep,
Author = {Burnim, J. and Sen, K.},
Title = {Heuristics for Scalable Dynamic Test Generation},
Institution = {EECS Department, University of California, Berkeley},
Year = 2008,
Month = sep},
URL = {http://www.eecs.berkeley.edu/Pubs/TechRpts/2008/EECS-2008-123.html},
Number = {UCB/EECS-2008-123}
}

@ARTICLE{clarke85jan,
author = {Clarke, L. and Richardson, D.},
title = {Applications of symbolic evaluation},
journal = {{Journal of Systems and Software}},
volume = 5,
number = 1,
month = jan,
year = 1985,
pages = {15-35}
}

@article{chen07may,
author    = {Chen, T. Y. and Merkel, R.},
title     = {Quasi-random testing},
journal   = {IEEE Transactions on Reliability},
volume    = {56},
number    = {3},
year      = {2007},
month     = may,
pages     = {562-568}
}

@inproceedings{wappler05,
author = {Wappler, S. and Lammermann, F.},
title = {Using Evolutionary Algorithms for the Unit Testing of Object-Oriented Software},
booktitle = {Conf. Gen. Evol. Comp.},
year = {2005},
pages = {1053-1060}
}

@inproceedings{tonella04,
author = {Tonella, P.},
title = {Evolutionary Testing of Classes},
booktitle = {Intl. Symp. Softw. Test. Anal.},
pages = {119-128},
year = {2004}
}

@article{mcminn04,
author = {McMinn, P.},
title = {Search-based software test data generation: A survey},
journal = {J. Softw. Test. Verif. Reliab.},
volume = {14},
number = {2},
pages = {105--156},
year = {2004}
}

@ARTICLE{triantaphyllou01,
author = {Triantaphyllou, E.},
title = {{Two new cases of rank reversals when the AHP amd some 
of its additive variants are used that do not occur with the 
multiplicative AHP}},
journal = {{Journal of Multi-criteria Decision Analysis}},
volume = {10},
pages = {11-25},
year = 2001
}

@ARTICLE{triantaphyllou05,
author = {Triantaphyllou, E. and Baig, K.},
title = {{The impact of aggregating benefit and cost criteria in four
MCDA methods}},
journal = {{IEEE Transactions on Engineering Management}},
volume = {25},
number = {2},
pages = {213-226},
month = feb,
year = 2005
}

@INPROCEEDINGS{yoo09,
author = {Yoo, S. and Harman, M. and Tonella, P. and Susi, A.},
title = {{Clustering test cases to achieve effective and scalable 
prioritisation incorporating expert knowledge}},
booktitle = {{Proceedings of the International Conference
on Software Testing and Analysis}},
pages = {201-212},
month = jul,
year = 2009
}

@INPROCEEDINGS{nagahawatte10, 
author = {Nagahawatte, P. and Do, H.}, 
title = {{The Effectiveness of Regression Testing Techniques
  in Reducing the Occurrence of Residual Defects}},
booktitle = {{International Conference on Software Testing, Verification
  and Validation}},
pages = {79-88},
month = apr,
year = 2010
}

@inproceedings{marback09,
author = {Marback, A. and Do, H. and He, K. and Kondamarri, S. and Xu, D.},
title =  {Security test generation using threat trees},
booktitle =  {Proceedings of the Fourth International Workshop
on the Automation of Software Test},
pages = {62-69},
month = may,
year = 2009
}

@inproceedings{marback10,
author = {Marback, A. and Do, H.},
title =  {{A regression testing engine for PHP web applications: PARTE}},
booktitle = {{Proceedings of the International
Symposium on Software Reliability Engineering}},
month = nov,
year = 2010
}

@inproceedings{aceituna10nov,
author = {Aceituna, D. and Do, H. and Lee, S.},
title =  {A Human Interactive Approach to Building Requirements Models},
booktitle = {{Proceedings of the International
Symposium on Software Reliability Engineering}},
month = nov,
year = 2010
}

@ARTICLE{srivastva08,
author = {P. Srivastava, K. Kumar and G. Raghurama},
title =  {Test case prioritization based on requirements and risk factors},
journal = {{Software Engineering Notes}},
volume = {33},
number = {4},
month = jul,
year = 2008,
pages = {1-5}
}

@inproceedings{aceituna10,
author = {Aceituna, D. and Do, H. and Lee, S.},
title =  {{$SQ^2E$: An approach to requirements validation 
with scenario question}},
booktitle = {{Proceedings of the 17th Asia-Pacific Software 
Engineering Conference}},
month = dec,
year = 2010
}

@TECHREPORT{aceituna09,
author = {D. Aceituna and H. Do},
title = {{Validating requirements models using SQ querying}},
institution = {North Dakota State University},
number = {{NDSU-CS-TR-09-003}},
month = jun,
year = 2009
}

@MASTERSTHESIS{carlson10, 
author = {Carlson, R.}, 
title = {{A clustering approach to improving test case prioritization:
An industrial case study}}, 
school = {North Dakota State University}, 
type = {{MS} 
Paper}, 
month = nov, 
year = 2010 
}

@ARTICLE{yoo10,
author = {Yoo, S. and Harman, M.},
title = {{ Regression testing minimisation, selection and 
prioritisation : A survey}},
journal = {{Software Testing, Verification, and Reliability}},
month = mar,
year = 2010
}

@inproceedings{arcuri10,
author={A. Arcuri},
title={It does matter how you normalise the branch distance 
in search based software testing},
booktitle={{International Conference on Software 
Testing, Verification and Validation}},
month = may,
year=2010
}

@ARTICLE{Wegener01nov,
author = {Wegener, J. and Baresel, A. and Sthamer, H.},
TITLE = "Evolutionary test environment for automatic structural testing",
JOURNAL = "Information and Software Technology",
VOLUME = "43",
NUMBER = "14",
PAGES = "841 - 854",
YEAR = "2001"
}

@ARTICLE{engstrom10,
author = {Engstrom, E. and Runeson, P. and Skoglund, M.},
TITLE = {A systematic review on regression test selection techniques},
JOURNAL = "Information and Software Technology",
VOLUME = "52",
NUMBER = "1",
PAGES = "14 - 30",
YEAR = "2010"
}

@ARTICLE{tichy95jan,
author = {Tichy, W. and Lukowicz, P. and Heinz, E. and Prechelt, L.},
title = {{Experimental evaluation in computer science: a quantitative study}},
journal = {{Journal of Systems and Software}},
volume = {28},
number = {1},
month = jan,
year = 1995,
pages = {9-18}
}

@ARTICLE{kitchenham95jul,
author = {Kitchenham, B. and Pickard, L. and Pfleeger, S.},
title = {{Case studies for method and tool evaluation}},
journal = {{IEEE Software}},
month = jul,
year = 1995,
pages = {52-62}
}

@ARTICLE{boehm03mar,
author = {Boehm, B.},
title = {{Value-based software engineering}},
journal = {{Software Engineering Notes}},
month = mar,
volume = {28},
number = {2},
year = 2003,
pages = {}
}

@INPROCEEDINGS{boehm00jun,
author = {Boehm, B. and Sullivan, K.},
title = {Software economics: A roadmap},
booktitle = {{The Futher of Software Economics}},
pages = {319-343},
month = jun,
year = 2000
}

@BOOK{wohlin00,
author = {Wohlin, C. and Runeson, P. and Host, M. and Ohlsoon, M. and
Regnell, B. and Wesslen, A.},
title = {{Experimentation in Software Engineering: An Introduction}},
publisher = {Kluwer Academic Publishers},
year = {2000},
}

@BOOK{phillips97,
author = {Phillips, J. J.},
title = {{Return on Investment in Training and Performance Improvement 
Programs}},
publisher = {Gulf Publishing Company},
address = {Houston, TX},
year = {1997},
}

@ARTICLE{basili86jul,
author = {Basili, V. and Selby, R. and Heinz, E. and Hutchens, D.},
title = {{Experimentation in software engineering}},
journal = {{IEEE Transactions on Software Engineering}},
volume = {12},
number = {7},
month = jul,
year = 1986,
pages = {733-743}
}

@ARTICLE{marre03nov,
author = {Marre, M and Bertolino, A},
title = {{Using spanning sets for coverage testing}},
journal = {{IEEE Transactions on Software Engineering}},
volume = {29},
number = {11},
month = nov,
year = 2003,
pages = {974-984}
}

@INPROCEEDINGS{harder03may,
author = {Harger, M and },
title = {Improving test suites via operational abstraction},
booktitle = {{Proc. 25rd International Conference on Software Eng.}},
pages = {},
month = may,
year = 2003
}

@INPROCEEDINGS{ernst00jun,
author = {Ernst, M. and Czeisler, A. and Griswold, W. and Notkin, D.},
title = {Quickly detecting relevant program invariants}, 
booktitle = {{Proc. 22th International Conference on Software Eng.}},
pages = {},
month = jun,
year = 2000
}

@ARTICLE{okun03jan,
author = {Okun, V. and Black, P. and Yesha, Y},
title = {Testing with model checker: insuring fault visibility}, 
journal = {{WSEAS Transactions on Systems}},
volume = {2},
number = {1},
month = jan,
year = 2003,
pages = {77-82},
}

@INPROCEEDINGS{xie02may,
author = {Xie, T. and Notkin, D.},
title = {Macro and micro perspectives on strategic software quality 
assurance in resource constrained environments}, 
booktitle = {{Proc. EDSER-4}},
pages = {},
month = may,
year = 2002
}

@INPROCEEDINGS{xie02nov,
author = {Xie, T. and Notkin, D.},
title = {Checking inside the black box: regression fault exposure and 
localization based on value spectra differences}, 
booktitle = {{FSE poster session}},
pages = {},
month = nov,
year = 2002
}

@INPROCEEDINGS{coenporisini01,
author = {Alberto Coen-Porisini, Giovanni Denaro, Carlo Ghezzi, Mauro Pezze},
title = {Using symbolic execution for verifying safety-critical systems}, 
booktitle = {{Proc. ESEC/FSE}},
pages = {},
year = 2001
}

@ARTICLE{fenton94jul,
author = {Fenton, N. and Pfleeger, S.},
title = {{Science and substance: A challenge to software engineers}},
journal = {{IEEE Software}},
month = jul,
year = 1994,
pages = {86-95}
}

@article{ferguson96jan,
author = {R. Ferguson and B. Korel},
title = {The chaining approach for software test data generation},
JOURNAL = {ACM Transactions on Software Engineering and Methodology},
volume = 5,
number = 1,
pages = {63-86},
month = jan,
year = 1996
}

@article{offutt96apr,
author = {A. Offutt and A. Lee and G. Rothermel and R. Untch and C. Zapf},
title = {An experimental determination of sufficient mutant operators},
JOURNAL = {ACM Transactions on Software Engineering and Methodology},
volume = 5,
number = 2,
pages = {99-118},
month = apr,
year = 1996
}

@article{rothermel01jan,
author = {G. Rothermel and M. Burnett and L. Li and C. DuPuis and A. Sheretov},
title = {A methodology for testing spreadsheets},
JOURNAL = {ACM Transactions on Software Engineering and Methodology},
volume = 10,
number = 1,
pages = {110-147},
month = jan,
year = 2001
}

@article{fisher06apr,
author = {M. Fisher and G. Rothermel and D. Brown and M. Cao 
and C. Cook and M. Burnett},
title = {{Integrating automated test generation into the WYSIWYT 
spreadsheet testing methodology}},
JOURNAL = {ACM Transactions on Software Engineering and Methodology},
volume = 15,
number = 2,
pages = {150-194},
month = apr,
year = 2006
}

@ARTICLE{briand03jul,
author = {L. Briand and Y. Labiche and Y. Wang},
title = {An investigation of graph-based class integration 
test order strategies},
journal = {{IEEE Transactions on Software Engineering}},
volume = {29},
number = {7},
month = jul,
year = 2003,
pages = {594-607}
}

@ARTICLE{andrews03jul,
author = {J. Andrews and Y. Zhang},
title = {General test result checking with log file analysis}, 
journal = {{IEEE Transactions on Software Engineering}},
volume = {29},
number = {7},
month = jul,
year = 2003,
pages = {634-648}
}

@ARTICLE{rountev04jun,
author = {A. Rountev and A. Milanova and B. Ryder},
title = {{Fragment class analysis for testing of polymorphism
in Java software}}, 
journal = {{IEEE Transactions on Software Engineering}},
volume = {30},
number = {6},
month = jun,
year = 2004,
pages = {372-387}
}

@ARTICLE{elbaum05mar,
author = {S. Elbaum and G. Rothermel and S. Karre and M. Fisher ll},
title = {Leveraging user-session data to support web application testing},
journal = {{IEEE Transactions on Software Engineering}},
volume = {31},
number = {3},
month = mar,
year = 2005,
pages = {187-202}
}

@ARTICLE{fu05apr,
author = {C. Fu and A. Milanova and B. Ryder and D. Wonnacott},
title = {{Robustness testing of Java server applications}},
journal = {{IEEE Transactions on Software Engineering}},
volume = {31},
number = {4},
month = apr,
year = 2005,
pages = {292-311}
}

@ARTICLE{memon05oct,
author = {A. Memon and Q. Xie},
title = {{Studying the fault-detection effectiveness of GUI 
test cases for rapidly evolving software}},
journal = {{IEEE Transactions on Software Engineering}},
volume = {31},
number = {10},
month = oct,
year = 2005,
pages = {884-896}
}

@ARTICLE{yilmaz06jan,
author = {C. Yilmaz and M. Cohen and A. Porter},
title = {Covering arrays for efficient fault characterization 
in complex configuration spaces},
journal = {{IEEE Transactions on Software Engineering}},
volume = {32},
number = {1},
month = jan,
year = 2006,
pages = {20-34}
}

@ARTICLE{wang06feb,
author = {L. Wang and S. Stoller},
title = {Runtime analysis of atomicity for multithreaded programs}, 
journal = {{IEEE Transactions on Software Engineering}},
volume = {32},
number = {2},
month = feb,
year = 2006,
pages = {93-110}
}

@INPROCEEDINGS{wagner06jul,
author = {Wagner, S.},
title = {A model and sensitivity analysis of the quality economics
of defect-detection techniques},
booktitle = {{Proceedings of the International Symposium on Software 
Testing and Analysis}},
month = jul,
year = 2006,
pages = {73-84}
}

@INPROCEEDINGS{wagner07sep,
author = {Wagner, S.},
title = {{An approach to global sensitivity analysis: FAST on COCOMO}},
booktitle = {{Proceedings of the International Symposium on 
Empirical Software Engineering and Measurement (ESEM)}},
month = sep,
year = 2007,
pages = {440-442}
}

@misc{nasa95,
author = {NASA},
title = {Parametric cost estimating handbook},
month = sep,
year = 1995
}

@BOOK{saltelli04,
author = {Saltelli, A. and Tarantola, S. and Campolongo, F. and Ratto, M.},
title = {{Sensitivity Analysis in Practice}},
publisher = {Wiley},
year = 2004
}

@INPROCEEDINGS{musilek02, 
author = {Musilek, P. and Pedrycz, W. and Sun, N. and Succi, G.}, 
title = {{On the sensitivity of COCOMO II software cost estimation model}}, 
booktitle = {Proceedings of the International Symposium of Software Metrics},
year = 2002 
}

@INPROCEEDINGS{malishevsky02oct,
author = {Malishevsky, A. and Rothermel, G. and Elbaum, S.},
title = {{Modelig the cost-benefits tradeoffs for regression testing techniques}},
booktitle = {{Conf. Softw. Maint.}},
month = oct,
pages = {204-213},
year = 2002
}

@BOOK{jones97,
author = {Jones C.},
title = {{Applied Software Measurements: Assuring productivity and quality.}},
publisher = {McGraw-Hill},
year = {1997}
}

@INPROCEEDINGS{perry93,
author = {Perry, D.E.and Stieg, C. S.},
title = {{Software faults in evolving a large, real-time system: A case study}},
booktitle = {{Eur. S.E. Conf. LNCS717}},
pages = {48-67},
year = 1993
}

@BOOK{Ramler05,
author = {R. Ramler, S. Biffl, P. Grünbacher},
title = {{Value-Based Software Engineering}},
publisher = {Springer},
address = {Heidelberg},
year = {2005}
}

@BOOK{Beizer90,
author = {B. Beizer},
title = {{Software Testing Techniques}},
publisher = {International Thomson Computer Press},
edition="Second",
address = {New York},
year = {1990}
}

@INPROCEEDINGS{jeffrey06sep,
author = {D. Jeffrey and N. Gupta},
title = {{Test case prioritization using relevant slices}},
booktitle = {{Int'l Comp. Soft. Appl. Conf.}},
month = sep,
year = 2006,
pages = {411-420}
}

@INPROCEEDINGS{wallcott06sep,
author = {A. Wallcott, M. L. Sofia, G. M.  Kapfhammer and R. Roos},
title = {{Time-aware test suite prioritization}},
booktitle = {{Int'l Symp. Softw. Test. Anal.}},
month = jul,
year = 2006,
pages = {1-12}
}

@INPROCEEDINGS{mirarab07,
author = {S. Mirarab and L. Tahvildari},
title = {{A prioritization approach for software test cases 
on Baysian Networks}},
booktitle = {{Found. App. Softw. Eng.}},
month = mar,
year = 2007,
pages = {276-290}
}

@INPROCEEDINGS{barcusa08,
author = {A. Barcusa and G. Montibeller},
title = {{Supporting the allocation of software development 
work in distributed teams with multi-criteria decision analysis}},
booktitle = {{Multiple Criteria Decision Making for Engineering}},
month = jun,
year = 2008,
pages = {464-475}
}

@ARTICLE{alharbi01,
author = {K. Al-Harbi},
title = {{Application of the AHP in project management}},
journal = {{International Journal of Project Management}},
volume = 19,
issue = 1,
month = jan,
year = 2001,
pages = {19-27}
}


@ARTICLE{elbaum02,
author = {S. Elbaum and A. G. Malishevsky and G. Rothermel},
title = {{Test case prioritization: a family of emirical studies}},
journal = {{IEEE TSE}},
volume = 28,
issue = 2,
month = feb,
year = 2002,
pages = {159-182}
}

@ARTICLE{finnie93,
author = {G. Finnie and G. Wittig and D. Petkov},
title = {{Prioritizing software development productivity 
factors using the analytic hierarchy process}},
journal = {{Journal of Systems and Software}},
volume = 22,
issue = 2,
month = aug,
year = 1993,
pages = {129-139}
}

@ARTICLE{karlsson98,
author = {J. Karlsson and C. Wohlin and B. Regnell},
title = {An evaluation of methods for prioritizing software requirements},
journal = {{Information and Software Technology}},
volume = 39,
issue = {14-15},
year = 1998,
pages = {939-947}
}

@ARTICLE{perini09,
author = {A. Perini and F. Ricca and A. Susi},
title = {{Tool-supported requirements prioritization: 
Comparing the AHP and CBRank methods}},
journal = {{Information and Software Technology}},
volume = 51,
issue = 6,
month = jun,
year = 2009,
pages = {1021-1032}
}

@BOOK{stephen84,
author = {Stephen A},
title = {{Contract management handbook for commercial construction}},
publisher = {Naris Publications},
address = {CA},
year = {1984}
}

@ARTICLE{moore85,
author = {M. Moore},
title = {{Selecting a contractor for fast-track projects: 
Part I, principles of contractor evaluation}},
journal = {Plant Engineering},
volume = 39,
issue = 12,
year = 1985,
pages = {74-75}
}

@ARTICLE{wabalickis88,
author = {R. Wabalickis},
title = {Justification of FMS with the analytic hierarchy process}, 
journal = {IEEE Transactions on Software Engineering},
volume = 7,
issue = 3,
year = 1988,
pages = {175-182}
}

@ARTICLE{cambron91,
author = {K. Cambron and G. Evans},
title = {Layout design using the analytic hierarchy process}, 
journal = {Computers and Industrial Engineering},
volume = 20,
issue = 2,
year = 1991,
pages = {221-229}
}

@ARTICLE{putrus90,
author = {R. Putrus},
title = {{Accounting for Intangibles in Integrated Manufacturing 
(non-financial justification based on the analytic hierarchy process)}}, 
journal = {{Information Strategy}},
volume = 6,
year = 1990,
pages = {25-30}
}

@ARTICLE{boucher91,
author = {T. Boucher and E. MacStravic},
title = {Multiattribute evaluation within a present value 
framework and its relation to the analytic hierarchy process}, 
journal = {The Engineering Economist},
year = 1990,
pages = {55-71}
}

@inproceedings{andrews05,
author = {Andrews, J. H. and Briand, L. C. and Labiche, Y.},
title = {{Is mutation an appropriate tool for testing experiments?}},
booktitle = {Int'l. Conf. Softw. Eng.},
month = may,
pages = {402-411},
year = 2005
}

@article{jones03mar,
 author = {Jones, J. and Harrold, M.J.},
 title = {Test suite reduction and prioritization for modified 
 condition/decision coverage},
 journal = {{IEEE Transactions on Software Engingeering}},
 volume = 29,
 number = 3,
 year = 2003,
 pages = {193-209}
}

@INPROCEEDINGS{korel87,
 author = {Korel, B.},
 title = {{The program dependence graph in static program testing}},
 booktitle = {{Information Processing Letters}},
 volume = 24,
 year = 1987,
 pages = {103-108}
}

@INPROCEEDINGS{korel08sep,
 author = {Korel, B. and Koutsogiannakis, G. and Tahat, L.},
 title = {{Application of system models in regression test 
           suite prioritization}},
 booktitle = {{Proceedings of the International Conference 
               on Software Maintenance}},
 month = {September},
 year = 2008,
 pages = {247-256}
}

@INPROCEEDINGS{hou08sep,
 author = {Hou, S. and Zhang, L. and Xie, T. and Sun, J.},
 title = {{Quota-constrained test case prioritization for regression 
           testing of service-centric systems}},
 booktitle = {{Proceedings of the International Conference on 
               Software Maintenance}},
 month = {September},
 year = 2008,
 pages = {257-266}
}

@inproceedings{sampath08,
author = {Sampath, S. and Bryce, R. and Viswanath, G.
and Kandimalla, V. and Koru, A.},
title = {Prioritizing user-session-based test cases for web applications
testing},
booktitle = {{Proceedings of the International Conference on Software
Testing, Verification, and Validation}},
pages = {141-150},
month = {April},
year = 2008
}

@misc{microsoft10,
  author = {{Microsoft Corporation}},
  month = feb,
  year = 2010,
  title = {{XML Documentation Tags}},
  howpublished = "http://msdn.microsoft.com/en-us/library/cc607340.aspx"
}

@misc{dynamics15,
  author = {{Microsoft Corporation}},
  month = jun,
  year = 2015,
  title = {{Overview of Microsoft Dynamics AX}},
  howpublished = "https://www.microsoft.com/en-us/dynamics/erp-ax-overview.aspx"
}

@inproceedings{sherriff07,
author = {Sherriff, M. and Lake, M. and Williams, L.},
title = {Prioritization of regression tests using singular value
         decomposition with empirical change records},
booktitle = {{Proceedings of the International Symposium on Software 
              Reliability Engineering}},
pages = {81-90},
month = nov,
year = 2007
}

@INPROCEEDINGS{kim10,
author = {S. Kim and J. Baik},
title = {An Effective Fault Aware Test Case Prioritization 
         by Incorporating a Fault Localization Technique},
booktitle = {{Proceedings of the International Symposium on 
Empirical Software Engineering and Measurement (ESEM)}},
month = sep,
year = 2010
}

@INPROCEEDINGS{Busany,
	author = {N. Busany and Sh. Maoz},
	title = {Behavioral Log Analysis with Statistical Guarantees},
	booktitle = {{Proceedings of the International Symposium on 
	Foundations of Software Engineering (ESEC/FSE)}},
	month = aug,
	year = 2015
}

@INPROCEEDINGS{Fu,
	author = {Q. Fu and J. Zhu and W. Hu and J. Lou and R. Ding and Q. Lin and D. Zhang and T. Xie},
	title = {Where Do Developers Log? An Empirical Study on Logging Practices in Industry},
	booktitle = {{Proceedings of the International Conference
	of Software Engineering (ICSE)}},
	month = aug,
	year = 2014
}

@INPROCEEDINGS{Barik,
	author = {T. Barik and R. DeLine and S. Drucker and D. Fisher},
	title = {The Bones of the System: A Case Study of Logging and Telemetry at Microsoft},
	booktitle = {{Proceedings of the International Conference
	of Software Engineering (ICSE)}},
	month = aug,
	year = 2016
}

@INPROCEEDINGS{Sampath2008,
	author = {S. Sampath and R. Bryce an and G. Viswanath and V. Kandimalla and A. G. Koru},
	title = {Prioritizing User-session-based Test Cases for Web Applications Testing},
	booktitle = {{Proceedings of the International Conference
	of Software Testing(ICST)}},
	month = mar,
	year = 2008
}










@INPROCEEDINGS{recom,
	author = {B. Sarwar and G. Karypis and J. Konstan and J. Riedl.},
	title = {Item-Based Collaborative Filtering Recommendation Algorithms},
	booktitle = {{Proceedings of the 10th international conference on World Wide Web}},
	year = 2001,
	publisher = "IEEE-ACM",
	pages = {285-295}
}


@INPROCEEDINGS{ryan,
	author = {R. Carlson and H. Do and and A. Denton.},
	title = {A Clustering Approach to Improving Test Case Prioritization: An Industrial Case Study},
	booktitle = {{ICSM '11 Proceedings of the 2011 27th IEEE International Conference on Software Maintenanc}},
	year = 2011,
	publisher = "IEEE-ACM",
	pages = {382-391}
}



@INPROCEEDINGS{bryce08,
	author = {S Sampath and R. C. Bryce and G. Viswanath and V. Kandimalla and A. G. Koru},
	title = {Prioritizing User-Session-Based Test Cases for Web Applications Testing},
	booktitle = {{ICST '08 Proceedings of the 2008 International Conference on Software Testing, Verification, and Validation}},
	year = 2008,
	publisher = "IEEE-ACM",
	pages = {141-150 }
}


@INPROCEEDINGS{sungmicro,
	author = {T. Lee and J. Nam and D. Han and S. Kim and H. Peter},
	title = {Micro Interaction Metrics for Defect Prediction},
	booktitle = {{ESEC/FSE '11 Proceedings of the 19th ACM SIGSOFT symposium and the 13th European conference on Foundations of software engineering}},
	year = 2011,
	publisher = "IEEE-ACM",
	pages = {311-321}
}



@INPROCEEDINGS{denys16,
	author = {Q. Luo and D. Poshyvanyk and M. Grechanik},
	title = {Mining performance regression inducing code changes in evolving software},
	booktitle = {{MSR '16 Proceedings of the 13th International Conference on Mining Software Repositories}},
	year = 2016,
	publisher = "IEEE-ACM",
	pages = {25-36}
}



@INPROCEEDINGS{raimund,
	author = {R. Moser and W. Pedrycz and G. Succi},
	title = {A comparative analysis of the efficiency of change metrics and static code attributes for defect prediction},
	booktitle = {{ICSE '08 Proceedings of the 30th international conference on Software engineering}},
	year = 2008 ,
	publisher = "IEEE-ACM",
	pages = {181-190}
}



@INPROCEEDINGS{shihab12,
	author = {E. Shihab and A. E. Hassan and B. Adams and Z. M. Jiang},
	title = {An industrial study on the risk of software changes},
	booktitle = {{FSE '12 Proceedings of the ACM SIGSOFT 20th International Symposium on the Foundations of Software Engineering}},
	year = 2012 ,
	publisher = "ACM",
	pages = {62}
}



@INPROCEEDINGS{jeff16,
	author = {J. Anderson and H. Do and S. Salem},
	title = {Customized Regression Testing Using Telemetry Usage Patterns},
	booktitle = {{Software Maintenance and Evolution (ICSME), 2016 IEEE International Conference on}},
	year = 2016 ,
	publisher = "IEEE",
	pages = {}
}

@INPROCEEDINGS{notallclasses,
	author = {S. Kpodjedo and F. Ricca and P. Galinier and G. Antoniol},
	title = {Not all classes are created equal: Toward a Recommendation System for Focusing Testing},
	booktitle = {{RSSE '08 Proceedings of the 2008 international workshop on Recommendation systems for software engineering}},
	year = 2008 ,
	publisher = "ACM",
	pages = {6-10}
}


@article{marksurvey,
	author = {S. Yoo and M. Harman},
	title = {Regression testing minimization, selection and prioritization: a survey},
	journal = {{Software Testing, Verification and Reliability}},
	volume = 22,
	number = 2,
	year = 2012,
	pages = {67-120}
}

@misc{nopCommerece,	
	howpublished = "hhttp://www.nopcommerce.com/",
	url = {http://www.nopcommerce.com/},
	urldate = {2017-01-26},
	note = {[\relax{Accessed: Jan. 26, 2017}]}
}



@misc{coevery,	
	howpublished = "http://www.coevery.com/",
	url = {http://www.coevery.com/},
	urldate = {2017-01-26},
	note = {[\relax{Accessed: Jan. 26, 2017}]}
}


@INPROCEEDINGS{change1,
	author = {Y. Jiang and B. Cuki and T Menzies and N Bartlow},
	title = {Comparing Design and Code Metrics for Software Quality Prediction},
	booktitle = {{Proceedings of the 4th international workshop on Predictor models in software engineering}},
	year = 2008 ,
	publisher = "ACM",
	pages = {11-18}
}


@INPROCEEDINGS{change2,
	author = {N. Nagappan and T. Ball},
	title = {Use of relative code churn measures to predict system defect density},
	booktitle = {{ICSE '05 Proceedings of the 27th international conference on Software engineering}},
	year = 2005,
	publisher = "IEEE-ACM",
	pages = {284-292}
}

@INPROCEEDINGS{risk,
	author = {C. Hettiarachchi and H. Do and B. Choi},
	title = {Effective Regression Testing Using Requirements and Risks},
	booktitle = {{Eighth International Conference on Software Security and Reliability}},
	year = 2014,
	publisher = "IEEE",
	pages = {157-166}
}

@BOOK{rssebook,
	author = {M. P. Robillard and W. Maalej and R. J. Walker and T. Zimmermann},
	title = {{Recommendation Systems in Software Engineering}},
	publisher = {Springer},
	year = 2014
}


@INPROCEEDINGS{sara,
	author = {M. Zanjani and H. Kagdi and C. Bird.},
	title = {Automatically Recommending Peer Reviewers in Modern Code Review},
	booktitle = {{ In Proceedings of the 37th International
	Conference on Software Engineering}},
	year = 2015,
	publisher = "IEEE",
	pages = {}
}


@INPROCEEDINGS{who,
	author = {J. Anvik and L. Hiew and G. C. Murphy.},
	title = {Who should fix this bug?},
	booktitle = {{Proceedings of the 28th international conference on Software engineering}},
	year = 2006,
	publisher = "IEEE-ACM",
	pages = {361-370}
}

@article{elbaum2005profiling,
	title={Profiling deployed software: Assessing strategies and testing opportunities},
	author={S. Elbaum and and M. Diep},
	journal={IEEE Transactions on Software Engineering},
	volume={31},
	number={4},
	pages={312--327},
	year={2005},
	--publisher={IEEE}
}

@phdthesis{parsons2007automatic,
	title={Automatic detection of performance design and deployment antipatterns in component based enterprise systems},
	author={Parsons and Trevor},
	year={2007},
	school={Citeseer}
}

@inproceedings{wang2008approach,
	title={An approach to detecting duplicate bug reports using natural language and execution information},
	author={W. Xiaoyin and Zhang and Lu and T. Xie and J. Anvik and J. Sun},
	booktitle={International Conference on Software Engineering},
	pages={461--470},
	year={2008},
	organization={ACM}
}


@article{avritzer1996reliability,
	title={Reliability testing of rule-based systems},
	author={A. Avritzer and J. Ros and E. Weyuker},
	journal={IEEE Software},
	volume={13},
	number={5},
	pages={76},
	year={1996},
	publisher={IEEE Computer Society}
}

@inproceedings{jin2012bugredux,
	title={BugRedux: reproducing field failures for in-house debugging},
	author={W. Jin and A. Orso},
	booktitle={Proceedings of the 34th International Conference on Software Engineering},
	pages={474--484},
	year={2012},
	organization={IEEE Press}
}  

@article{codedecay,
	title={Does Code Decay? Assessing the Evidence from Change Management Data.},
	author={S. G. Eick and Todd L. Graves and Alan F. Karr and J.S. Marron and A. Mockus.},
	journal={EEE Transactions on Software Engineering},
	volume={27},
	number={1},
	pages={1-12},
	year={2001}
}

@INPROCEEDINGS{coderecommender,
	title={Recommendation systems for software engineering},
	author={R. Robillard Walker and T. Zimmermann},
	booktitle={Proceedings of the 27th International Conference on Software Engineering},
	pages={80-86},
	year={2010},
	organization={IEEE Press}
}  

@INPROCEEDINGS{apfd,
	title={Test case prioritization: An empirical study },
	author={G. Rothermel and R. Untch and C. Chu and and M. J. Harrold},
	booktitle={Proceedings of the IEEE International Conference on Software Maintenance},
	pages={179-188},
	publisher = "IEEE-ACM", 
	year={1999}
}


@INPROCEEDINGS{prioritization,
	title={Prioritizing test cases for regression testing.},
	author={G. Rothermel and R. H. Untch and C. Chu and M. J. Harrold},
	booktitle={Proceedings of the IEEE International Conference on Software Engineering},
	pages={929-948},
	publisher = "IEEE-ACM", 
	year={1999}
}


@INPROCEEDINGS{change3,
	title={Extending Software Change Impact Analysis into COTS Components. },
	author={Shawn A. Bohner},
	booktitle={Proceedings of the 27th Annual NASA Goddard Software Engineering Workshop},
	pages={175},
	year={2002},
	publisher = "IEEE-ACM",
} 


@INPROCEEDINGS{myra,
	title={Configuration-aware regression testing: an empirical study of sampling and prioritization},
	author={X. Qu and M.B. Cohen and G.Rothermel},
	booktitle={International Symposium on Software Testing and Analysis (ISSTA)},
	pages={75-85},
	year={2008},
	publisher = "IEEE-ACM",
} 


@INPROCEEDINGS{kagdichange,
	title={Integrated impact analysis for managing software changes.},
	author={M. Gethers and B. Dit and H. Kagdi and D. Poshyvanyk.},
	booktitle={Proceedings of the 34th International Conference on Software Engineering},
	pages={430-440},
	year={2012},
	publisher = "IEEE-ACM",
}

@INPROCEEDINGS{change4,
	title={Efficient and precise dynamic impact analysis using execute-after sequences.},
	author={T. Apiwattanapong and A. Orso and M. J. Harrold.},
	booktitle={Proceedings of the 27th International Conference on Software Engineering},
	pages={432-441},
	year={2005},
	publisher = "IEEE-ACM",
}

@INPROCEEDINGS{memongui,
	title={Automated gui testing guided by usage profiles.},
	author={P. A. Brooks and A. M. Memon.},
	booktitle={In Proceedings of the twenty-second IEEE/ACM international conference on Automated software engineering},
	pages={333-342},
	year={2007},
	publisher = "IEEE-ACM",
}

@INPROCEEDINGS{rich,
	title={Rich internet application testing using execution trace data.},
	author={D. Amalfitano and A. R. Fasolino and P. Tramontana.},
	booktitle={In Software Testing, Verification, and Validation Workshops},
	pages={274-283},
	year={2010},
	publisher = "IEEE-ACM",
}


@INPROCEEDINGS{elbaum05,
	title={Profiling deployed software: Assessing strategies and testing opportunities.},
	author={S. Elbaum and M. Diep.},
	booktitle={IEEE Transactions on Software Engineering},
	pages={312-327},
	year={2005},
	publisher = "IEEE-ACM",
}

@INPROCEEDINGS{murakami,
	title={Code recommendation based on a degree-of-interest model.},
	author={N. Murakami and H. Masuhara and T. Aotani.},
	booktitle={Proceedings of the 4th International Workshop on Recommendation Systems for Software Engineering},
	pages={28-29},
	year={2014},
	publisher = "IEEE-ACM",
}


@INPROCEEDINGS{costas,
	title={Combining activity metrics and contribution topics for software recommendations.},
	author={K. Christidis and F. Paraskevopoulos and D. Panagiotou and G. Mentzas.},
	booktitle={Proceedings of the Third International Workshop on Recommendation Systems for Software Engineering},
	pages={43-46},
	year={2012},
	publisher = "IEEE-ACM",
}


@INPROCEEDINGS{contextawar,
	title={Context-aware recommender systems for non-functional requirements.},
	author={A. Danylenko and W. Lowe.},
	booktitle={Proceedings of the Third International Workshop on Recommendation Systems for Software Engineering},
	pages={80-84},
	year={2012},
	publisher = "IEEE-ACM",
}



@article{recomsurvey05,
	title={Toward the Next Generation of Recommender Systems A Survey of the State of the Art and Possible Extensions.},
	author={G. and A. Tuzhilin.},
	journal={IEEE Transactions on knowledge and Data Engineering},
	volume={17},
	number={6},
	pages={734-749},
	year={2005}
}

@INPROCEEDINGS{requirment,
	title={Test Case Prioritization Using Requirements-Based Clustering.},
	author={Md. Junaid Arafeen and Hyunsook Do.},
	booktitle={IEEE International Conference on Software Testing, Verification and Validation (ICST)},
	pages={},
	year={2013},
	publisher = "IEEE-ACM"
}


@article{cost1,
	title={The Effects of Time Constraints on Test Case Prioritization: A Series of Controlled Experiments.},
	author={H. Do and S. Mirarab and L. Tahvildari and G. Rothermel.},
	booktitle={IEEE Transactions on Software Engineering},
	volume={36},
	number={5},
	pages={},
	year={2010}
}	

@article{cost2,
	title={Prioritizing JUnit Test Cases: An Empirical Assessment and Cost-Benefits Analysis.},
	author={H. Do and G. Rothermel and and A. Kinneer.},
	booktitle={Empirical Software Engineering: An International Journal},
	volume={11},
	number={1},
	pages={33-70},
	year={2006}
}

@INPROCEEDINGS{cost3,
	title={An Empirical Study of the Effect of Time Constraints on the Cost-Benefits of Regression Testing.},
	author={H. Do and S. Mirarab and L. Tahvildari and G. Rothermel.},
	booktitle={Proceedings of the ACM SIGSOFT Symposium on Foundations of Software Engineering (FSE)},
	pages={},
	publisher = "IEEE-ACM",
	year={2008}
	
}


@INPROCEEDINGS{cost4,
	title={An Empirical Study of Regression Testing Techniques Incorporating Context and Lifecycle Factors and Improved Cost-Benefit Models.},
	author={ H. Do, and G. Rothermel},
	booktitle={Proceedings of the ACM SIGSOFT Symposium on Foundations of Software Engineering (FSE)},
	pages={},
	publisher = "IEEE-ACM",
	year={2006}
}

@INPROCEEDINGS{jeff14,
	title={Improving the Effectiveness of Test Suite through Mining Historical Data.},
	author={J. Anderson and S. Salem and H. Do.},
	booktitle={Working Conference on Mining Software Repositories (MSR)},
	pages={},
	year={2014}
}


@INPROCEEDINGS{performance,
	title={Performance regression testing target prioritization via performance risk analysis.},
	author={P. Huang and X. Ma and D. Shen and Y. Zhou.},
	booktitle={Proceedings of the 36th International Conference on Software Engineering},
	pages={60-71},
	publisher = "IEEE-ACM",
	year={2014}
}


@article{greedy,
	title={Search Algorithms for Regression Test Case Prioritization.},
	author={Z. Li and M. Harman and R. M. Hierons.},
	booktitle={IEEE TRANSACTIONS ON SOFTWARE ENGINEERING},
	volume={33},
	number={4},
	pages={33-70},
	year={2007}
}


@article{catal13,
	title={Test case prioritization: a systematic mapping study.},
	author={C. Catal and D. Mishra.},
	booktitle={Software Quality Journal archive},
	volume={21},
	number={3},
	pages={445-478},
	year={2013}
}

@article{Malishevsky02,
	title={Test case prioritization: A family of empirical studies.},
	author={S. Elhaum and A. G. Malishevsky and and G. Rothermel},
	booktitle={IEEE Transactions on Software Engineering},
	volume={28},
	number={2},
	pages={159-182},
	year={2002}
}

